2010 3168
209 130 280 182 60
794 127 1083 173 GREGORH
1114 128 1315 173 GYPRII

209 265 515 329 ἀλλοίωσις,
555 265 625 333 ἣν
664 265 818 333 ἡμεῖς
859 264 943 332 οὐ,
982 265 1057 331 μὰ
1095 267 1225 327 τοὺς
1256 265 1442 332 θεούς,
1485 263 1897 336 ἐπεπόνθειμεν,

209 353 365 408 αὐτοὶ
407 351 453 405 δ’
501 352 701 407 ἐκεῖνοι
742 353 1044 423 ἀμνηστίαν
1083 353 1184 422 μὲν
1231 355 1455 422 σχόντες
1492 361 1587 421 τῆς
1630 357 1899 422 προνοίας

208 443 363 512 ἡμῶν
403 442 473 496 δι’
520 439 583 511 ἧς
624 443 913 509 ἐσώζοντο,
960 444 1128 511 κόρον
1176 439 1236 494 δὲ
1275 450 1368 509 τῆς
1408 442 1673 495 ἐντεῦθεν
1713 442 1895 495 εὐδαι-

207 534 424 600 μονίας,
465 531 554 584 καὶ
594 533 777 593 πάθος
823 533 1130 584 κακοσίτων
1176 533 1533 600 νοσήσαντες,
1579 531 1756 592 πάσας
1795 527 1896 599 μὲν

164 641 182 674 5
209 620 391 691 ἀρχάς,
421 621 493 682 ὡς
526 620 724 674 ἐκεῖνοι
757 621 982 689 τροφάς,
1016 620 1485 689 μεταλλάττοντες,
1517 620 1654 688 πρὸς
1685 619 1898 682 ἁπάσας

209 707 268 763 δὲ
324 710 523 777 ὁμοίως
563 709 743 777 ἀηδῶς
784 711 1012 778 ἔχοντες.
1067 714 1141 780 τῷ
1176 710 1295 761 ὄντι
1349 709 1451 778 γὰρ
1503 707 1676 777 μέγαν
1726 710 1897 777 ὄλβον

208 799 422 867 στέγειν
460 799 560 851 οὐκ
601 798 981 866 ἠδυνήθησαν.
1027 795 1118 849 καὶ
1159 797 1446 866 ἐπειδήπερ
1489 796 1655 867 ἐχρῆν
1693 796 1898 859 αὐτοὺς

206 897 383 950 κακῶς
421 893 651 955 παθεῖν,
703 887 841 955 ὁμοῦ
879 883 981 954 μὲν
1020 887 1342 939 διενοοῦντο
1382 886 1535 955 ἡμῶν
1575 885 1898 954 ἀποστῆναι,

209 976 348 1044 ὁμοῦ
379 974 428 1028 δ’
460 975 780 1044 ἀφίσταντο,
813 973 952 1041 ὁμοῦ
986 971 1046 1027 δὲ
1077 975 1422 1044 Κορινθίους
1452 979 1896 1043 προσεκαλοῦντο

142 1087 183 1118 ιο
206 1065 297 1117 καὶ
345 1063 710 1132 ἐπενέβαλλον
757 1063 960 1116 οὐδένα
1014 1065 1220 1133 χρόνον
1273 1062 1472 1130 μεταξὺ
1525 1064 1794 1132 νοήματός
1839 1082 1897 1115 τε

206 1152 295 1206 καὶ
338 1156 528 1221 ἔργων.

236 1271 239 1274 <
321 1243 403 1294 16.
453 1243 605 1311 Πρὸς
653 1238 754 1294 οὗν
801 1249 971 1294 ταῦτα
1017 1245 1099 1304 τίς
1146 1241 1247 1294 οὐκ
1286 1240 1356 1293 ἂν
1403 1243 1611 1294 ἔπαθεν
1658 1240 1900 1303 ἀκούσας

207 1333 266 1384 τὸ
314 1332 507 1384 κοινὸν
553 1331 776 1384 πάντων
823 1331 1141 1400 ἀνθρώπων
1187 1329 1278 1383 καὶ
1327 1330 1463 1401 ὀργῇ
1512 1331 1747 1399 ληφθεὶς
1792 1331 1896 1399 ὥρ-

205 1435 376 1489 μησεν
416 1419 589 1482 εὐθὺς
629 1419 920 1489 ἀφανίσαι,
961 1417 1075 1472 ἀλλ’
1124 1420 1224 1488 οὐχ
1263 1418 1417 1487 ἡμεῖς
1455 1438 1517 1487 γε
1555 1425 1632 1490 τῷ
1670 1421 1807 1486 τότε,
1849 1419 1900 1471 εἰ

141 1530 182 1562 15
206 1510 297 1562 καὶ
335 1510 396 1563 τὸ
437 1517 660 1578 πρᾶγμα
690 1508 900 1579 ὑπῆρχε
933 1510 1149 1578 σφόδρα
1181 1507 1460 1578 ὀδυνηρὸν
1490 1506 1580 1560 καὶ
1613 1508 1897 1577 ἀφόρητον

207 1598 296 1650 καὶ
335 1586 547 1666 πολλὴν
586 1597 718 1665 ἡμῖν
757 1596 933 1666 φέρον
973 1598 1320 1666 συγγνώμην.
1371 1595 1475 1649 κᾶν
1515 1597 1562 1649 εἰ
1601 1595 1759 1666 μέχρι
1797 1604 1897 1649 τοῦ

208 1687 472 1756 σφάττειν
504 1686 706 1749 αὐτοὺς
737 1685 1090 1755 ἐκινήθημεν,
1130 1687 1339 1739 οὔκουν
1375 1684 1490 1739 οὐδ’
1533 1685 1898 1754 ἐκηρύττομεν

207 1777 460 1844 παραυτά
507 1784 603 1843 τῆς
650 1775 903 1843 ἀγγελίας
950 1775 1192 1842 ἐκπλεῖν,
1247 1776 1667 1844 στρατεύεσθαι,
1721 1783 1898 1827 κινεῖν

207 1866 272 1917 τὰ
313 1865 452 1917 ὅπλα
493 1864 579 1917 ε’πὶ
619 1867 749 1927 τοὺς
797 1864 1145 1932 ἀγνώμονας,
1193 1866 1322 1927 τοὺς
1369 1864 1720 1933 ἀχαρίστους,
1767 1865 1898 1925 τοὺς

142 1973 184 2005 20
209 1955 790 2022 παρασπονδήσαντας,
830 1956 957 2015 τοὺς
998 1953 1313 2021 ἀλιτηρίους
1352 1951 1441 2005 καὶ
1480 1958 1633 2004 θεῶν
1666 1961 1778 2004 τῶν
1810 1949 1897 2004 ἐπὶ

208 2053 324 2105 τοῖς
365 2043 547 2110 ὅρκοις
586 2041 907 2109 κληθέντων
946 2041 1035 2094 καὶ
1076 2043 1247 2110 ἡμῶν,
1289 2045 1346 2094 οἳ
1381 2042 1511 2109 μετὰ
1562 2043 1690 2102 τοὺς
1726 2043 1898 2102 θεοὺς

210 2131 495 2199 ἐσώζομεν,
537 2129 651 2183 ἀλλ’
692 2132 769 2192 εἰς
808 2132 1208 2199 βουλευτήριον
1240 2130 1490 2192 ἀνιόντες
1520 2127 1609 2182 καὶ
1642 2129 1897 2198 ψήφισμα

208 2219 425 2287 θέντες,
488 2220 516 2272 ὃ
574 2220 640 2287 δὴ
702 2218 792 2271 καὶ
857 2219 994 2285 ὑμᾶς
1055 2220 1228 2271 εἰπεῖν
1289 2226 1471 2271 πᾶσαν
1531 2218 1898 2286 ὑπερβάλλειν

210 2310 662 2376 φιλανθρωπίαν,
724 2309 784 2360 τὸ
849 2305 909 2360 δὲ
975 2303 1043 2374 ἦν
1099 2305 1489 2375 Ἀθηναίους
1559 2307 1897 2375 αἱρεῖσθαι

143 2416 184 2448 25
211 2398 437 2460 σώζειν
486 2397 929 2458 Ποτιδαιάτας
975 2394 1080 2448 καὶ
1129 2391 1348 2463 αὖθις,
1395 2397 1599 2464 μόνον
1650 2397 1707 2446 εἰ
1743 2396 1895 2462 βου-

330 2561 353 2599 6
388 2556 520 2599 Pind.
555 2556 623 2600 Ol.
648 2557 669 2599 Ι
695 2561 748 2599 57

332 2710 352 2746 1
388 2705 530 2754 θεοὺς
560 2704 694 2747 Schm
757 2701 921 2759 λόγους
947 2703 991 2746 V
1008 2702 1088 2745 Sed
1113 2701 1161 2744 in
1185 2715 1318 2758 marg
1342 2719 1396 2758 γρ
1423 2700 1593 2756 νόμους
1654 2700 1739 2744 lac.
1767 2706 1793 2743 4
1818 2700 1897 2745 litt

211 2765 255 2807 L
272 2763 327 2807 of.
347 2779 391 2819 p.
410 2768 539 2817 57‚8;
566 2768 635 2816 58,
650 2769 726 2818 243
753 2764 1245 2817 64,10373‚24377‚11
1266 2763 1313 2803 et
1332 2766 1384 2802 12
1404 2762 1451 2803 et
1468 2764 1522 2802 23
1617 2765 1641 2803 3
1659 2756 1714 2813 ἧς
1729 2759 1895 2816 scripsi

213 2838 236 2865 e
263 2823 359 2866 LV
415 2819 479 2867 ὧν
513 2822 650 2865 Schm
771 2826 796 2864 6
835 2819 1000 2864 τωόντι
1025 2822 1068 2865 L
1191 2823 1245 2862 10
1277 2817 1411 2863 ἐπενέ
1442 2821 1580 2862 αλλον
1613 2818 1776 2874 scripsi
1801 2832 1825 2862 e
1858 2818 1902 2862 V

258 2880 547 2940 -ἐπενέβαλον
573 2881 615 2924 L
679 2879 896 2937 ἐνέβαλον
922 2879 1059 2922 Schm
1183 2882 1236 2921 14
1269 2882 1329 2936 τῷ
1355 2877 1411 2921 Sc
1445 2893 1492 2920 m
1551 2894 1613 2921 τω
1632 2878 1731 2923 LV
1782 2892 1896 2921 num

211 2942 262 2984 ἐν
284 2943 375 2998 τῷἱ)
499 2945 552 2983 15
586 2937 770 2995 σφόδρα
803 2939 1006 2996 ὑπῆρχεν
1040 2939 1083 2982 V
