2010 3168
174 119 282 172 604
359 131 361 133 ’
408 133 410 135 ·
631 118 860 163 LIBANII
889 118 1278 165 DECLAMATIO
1309 121 1459 165 XXIX

173 255 235 308 ἐν
273 254 606 324 ἑστιάσεσιν,
653 254 790 309 ἀλλὰ
840 263 940 308 τοῦ
989 257 1119 324 βίου
1164 258 1368 319 παντὸς
1419 254 1518 321 ἔξω
1558 259 1869 328 τυγχάνων,

173 343 247 407 ὡς
284 343 355 396 ἂν
393 344 537 397 εἴποι
576 364 674 413 τις,
713 343 803 397 καὶ
842 346 1053 413 γυμνὸς
1092 344 1303 414 ἁπάσης
1337 348 1647 415 περιβολῆς,
1688 350 1740 400 εἰ
1776 346 1869 400 καὶ

171 438 428 486 πλουτῶν
474 428 544 500 ἧν
598 434 809 502 ἄλλοις,
863 432 1191 502 κεκτημένος
1244 436 1415 487 νόσον
1467 437 1869 504 χαλεπωτάτην.
1910 427 1913 429 ’

172 522 259 573 21.
297 522 388 574 καὶ
428 518 562 575 οὐδὲ
598 522 660 575 τὸ
700 530 796 591 τῆς
836 530 1126 591 συμφορᾶς
1164 521 1531 591 προσιδέσθαι
1571 544 1663 593 μοι
1697 525 1867 592 δοκεῖ,

127 631 147 664 5
173 607 287 663 ἀλλ’
351 609 575 679 ἐπῆκται
627 613 799 663 νόσον
852 611 884 680 ἢ
938 613 1142 680 μανίαν
1195 610 1228 678 ἢ
1285 611 1387 664 οὐκ
1442 606 1548 665 οἷδ’
1602 613 1631 666 ὅ
1678 633 1730 666 τι
1778 623 1869 682 φῶ

83 703 206 748 RIV
223 709 307 748 223
356 698 483 769 περὶ
522 706 623 752 τοῦ
668 700 999 770 πράγματος.
1047 701 1199 752 δοκεῖ
1244 699 1597 767 εὐδαιμονεῖν
1643 699 1817 773 ἑαυτῷ
1859 699 1866 773 Ι

170 787 260 841 καὶ
303 788 478 851 οὕτως
517 793 706 857 οἴεται,
744 788 969 858 πράττει
1010 785 1071 841 δὲ
1109 790 1304 842 κάκιον
1342 788 1447 857 (ἢ)
1487 790 1560 852 ὡς
1598 789 1668 843 ἂν
1705 810 1867 843 κατα-

173 878 419 947 ρώμενος
459 875 647 949 ἑαυτςὸ.
687 886 834 946 μισεῖ
873 879 972 930 τὸν
1009 881 1278 945 πλοῦτον,
1326 877 1727 947 ἀποστρέφεται
1765 881 1866 948 τὴν

171 969 404 1035 τρυφήν.
459 967 560 1034 τὴν
605 966 778 1035 (μὲν)
823 965 1097 1036 προτέραν
1154 967 1515 1036 εὐδαιμονίαν
1571 968 1868 1036 συμφορὰν

106 1076 149 1108 10
173 1055 400 1123 ἡγεῖται,
439 1063 551 1108 τῶν
591 1052 651 1107 δὲ
690 1057 983 1123 παρόντων
1021 1063 1205 1108 κακῶν
1255 1054 1485 1124 ἐραστής
1523 1054 1687 1109 ἐστιν.
1739 1057 1868 1125 αὐχ-

172 1145 341 1213 μηρός
380 1142 495 1196 ἐστι
533 1144 636 1211 τὴν
674 1145 878 1212 κόμην,
917 1142 1092 1213 ὠχρὸς
1131 1145 1232 1211 τὴν
1270 1145 1468 1213 χρόαν,
1507 1146 1754 1215 κατηφὴς
1791 1153 1871 1217 τῷ

172 1231 462 1301 βλέμματι,
518 1232 713 1301 ῥυπῶν
765 1239 839 1303 τῷ
889 1233 1098 1300 σώματι
1143 1231 1234 1284 καὶ
1281 1231 1438 1301 μέχρι
1493 1234 1711 1302 ἱματίου
1756 1253 1868 1286 τοι-

173 1328 337 1383 οῦτος
373 1320 676 1390 ὑπαίθριος
713 1325 1093 1391 ταλαιπωρῶν,
1132 1330 1422 1390 χαμευνῶν
1462 1321 1730 1391 ἀνέχεται·
1769 1323 1872 1375 τὸν

171 1411 334 1478 ’ἥλιον
373 1409 555 1479 φέρει,
601 1411 738 1480 πρὸς
783 1411 952 1480 κρύος
999 1409 1357 1478 άποὸέὸυται,
1404 1413 1754 1480 κατείληπται
1806 1411 1869 1464 δὲ

105 1519 148 1552 15
174 1503 332 1570 λιμῷ,
393 1502 571 1552 καίτοι
633 1499 900 1568 αὔταρκες
962 1501 1118 1552 σίτου
1180 1502 1507 1568 μεταλαβεῖν
1568 1500 1715 1571 αὐτῷ
1776 1498 1867 1552 καὶ

177 1659 284 1703 libri
316 1659 428 1703 Fen·
458 1659 561 1703 Mor
592 1659 674 1713 qui
715 1660 769 1703 οὐ
806 1659 912 1703 coni
961 1661 966 1716 Ι
1018 1660 1106 1704 οὐδ
1134 1660 1210 1703 La
1288 1660 1341 1702 οὐ
1381 1659 1492 1703 Ferr
1530 1659 1632 1703 Mor
1680 1662 1685 1716 Ι
1736 1660 1785 1704 ἐν
1809 1686 1869 1692 --

175 1723 276 1770 604,
294 1723 317 1761 1
352 1716 457 1776 βίου
490 1731 565 1762 om
596 1718 707 1762 Fen·
729 1718 831 1762 Mor
891 1715 1036 1762 λείπει
1066 1718 1117 1761 in
1147 1733 1280 1774 marg
1303 1719 1395 1763 Las
1435 1719 1441 1776 Ι
1469 1719 1743 1774 ἀνθρώποις
1767 1720 1872 1764 HV

179 1778 186 1837 Ι
221 1777 360 1823 οὐδὲν
385 1779 461 1822 La
492 1777 574 1821 sed
604 1777 654 1820 in
686 1774 791 1822 οὐδ’
830 1777 880 1821 ἐν
914 1791 1015 1821 corr
1043 1792 1077 1820 κ
1138 1776 1248 1822 οὐδὲ
1275 1779 1363 1822 Ma

296 1871 318 1909 1
351 1880 463 1909 num
493 1865 712 1923 τυγχάνει
744 1863 838 1911 cliv?
983 1871 1007 1909 2
1049 1866 1111 1916 ὡς
1141 1865 1391 1910 delendum
1429 1869 1587 1910 censet
1619 1867 1821 1910 Sintcnis
1858 1867 1862 1925 Ι

172 1925 346 1982 γυμνὸς
368 1926 469 1969 Las
501 1928 507 1979 Ι
543 1925 643 1980 εἰκῆ
676 1927 878 1978 πλουτεῖ,
909 1924 1031 1984 νόσῳ
1063 1923 1203 1976 ἁλοὺς
1233 1925 1530 1986 χαλεπωτάτῃ
1563 1924 1648 1981 ὑφ’
1677 1921 1732 1980 ἧς
1757 1924 1868 1971 οὐδὲ

171 1985 224 2028 τὸ
256 1990 338 2040 τῆς
369 1991 611 2041 συμφορᾶς
640 1982 926 2039 προιδέσθαι
959 2001 1035 2040 μοι
1068 1985 1201 2028 δοκεῖ
1232 1984 1335 2027 coni
1367 1985 1434 2028 Re
1513 1985 1614 2041 εἰκῆ
1654 1987 1868 2030 πλουτῶν

173 2043 254 2087 καὶ
287 2042 432 2093 ἄλλως
461 2042 624 2087 lacobs
655 2044 762 2099 App
795 2043 907 2086 Pors
940 2048 1026 2087 325
1057 2043 1171 2087 Lcct
1204 2047 1259 2087 99
1381 2049 1407 2087 3
1439 2046 1651 2088 πλουτῶν
1677 2044 1750 2088 La
1785 2044 1866 2088 sed

174 2109 239 2146 ῶν
270 2103 300 2157 f
333 2105 339 2157 Ι
382 2096 441 2155 ἦν
474 2116 548 2146 om
574 2103 839 2147 HVLaMa
874 2105 879 2159 Ι
916 2102 1070 2152 ἄλλοις
1102 2102 1265 2159 scripsi
1299 2117 1354 2145 ex
1378 2103 1555 2147 HVLa
1587 2103 1667 2146 sed
1697 2103 1746 2146 in
1778 2103 1867 2147 hoc

175 2161 251 2204 del
266 2161 303 2216 f,
322 2161 411 2205 Ma
472 2160 636 2211 ἄλλους
655 2162 691 2206 O
713 2161 802 2206 edd
831 2163 838 2219 Ι
866 2159 1118 2206 vdoovLaf
1242 2168 1270 2206 4
1293 2162 1365 2220 τὸ]
1391 2161 1553 2206 oiHV
1608 2159 1652 2206 οἶ
1668 2163 1767 2207 Las
1779 2164 1868 2207 Ma

178 2221 183 2278 Ι
219 2227 371 2276 φορᾶς
394 2221 562 2264 LaMa
698 2225 724 2264 5
757 2217 857 2264 ἀλλ’
886 2222 986 2265 Las
1032 2223 1038 2277 Ι
1089 2221 1284 2277 ἐπῆκται
1320 2221 1485 2277 scripsi
1518 2223 1706 2264 auctore
1738 2221 1806 2264 Re

173 2280 377 2335 ὑπῆκται
409 2278 517 2322 libri
549 2279 630 2322 sed
661 2278 689 2322 ὑ
714 2279 832 2333 Las,
867 2280 957 2324 cdd
1080 2284 1104 2323 6
1141 2316 1150 2335 ,
1166 2281 1271 2334 fort.
1297 2277 1383 2334 ὑφ’
1414 2277 1468 2324 οὗ
1493 2282 1626 2324 δοκεῖ
1647 2286 1729 2324 aut
1753 2279 1867 2323 ὥστε

175 2341 359 2383 ὃοκεῖν“
394 2338 462 2382 Re
498 2341 503 2394 Ι
541 2338 834 2394 εὐδαιμονεῖν
860 2340 934 2383 La
966 2338 1048 2382 sed
1081 2313 1163 2383 ενύεῢὶ
1186 2340 1215 2393 f
1331 2343 1353 2381 7
1389 2339 1531 2389 ὄντως
1561 2339 1722 2384 Iacobs
1754 2339 1868 2383 Lect

176 2401 231 2440 99
259 2399 265 2452 Ι
293 2396 458 2441 κάκιον
491 2397 738 2441 delendum
771 2400 929 2441 censet
958 2397 1119 2442 Iacobs
1146 2396 1209 2456 Ιὲᾆ
1241 2398 1415 2441 inserui
1448 2400 1636 2442 auctore
1660 2398 1727 2441 Re
1789 2411 1865 2441 om

174 2455 282 2499 libri
314 2456 405 2499 edd
534 2460 560 2499 8
594 2455 741 2515 ἑαυτῷ
773 2470 848 2500 om
879 2457 981 2500 Mor
1116 2461 1140 2500 9
1173 2456 1270 2513 μὲν
1289 2457 1464 2501 inserui
1526 2472 1599 2501 orn
1631 2457 1741 2500 libri
1774 2457 1863 2501 edd

297 2519 351 2559 10
383 2515 562 2571 ἡρεῖται
596 2515 641 2559 V
755 2515 1006 2572 llsxqowiv
1031 2516 1106 2560 La
1145 2518 1150 2572 Ι
1192 2519 1254 2573 τῷ
1286 2515 1504 2573 βλέμματι
1538 2516 1701 2572 scripsi
1734 2529 1789 2559 ex
1813 2517 1869 2560 H

185 2574 391 2618 VLaMa
451 2574 503 2618 τὸ
536 2574 709 2631 βλέμμα
738 2574 774 2619 Ο
803 2575 894 2618 edd
1025 2580 1078 2618 12
1110 2578 1174 2634 τῷ
1207 2575 1379 2630 σώματι
1411 2575 1575 2630 scripsi
1608 2589 1663 2618 ex
1689 2576 1746 2619 H
1751 2575 1866 2619 VLa

233 2633 285 2677 τὸ
319 2640 446 2688 σῶμα
475 2634 511 2678 Ο
540 2633 631 2676 edd
693 2646 767 2676 om
794 2635 883 2677 Ma
1006 2638 1061 2676 14
1092 2632 1380 2677 ἀποδέδυται
1413 2633 1576 2689 scripsi
1609 2649 1664 2677 ex
1688 2635 1746 2678 H
1752 2634 1865 2677 VLa

176 2691 257 2735 scd
289 2691 338 2735 in
369 2691 457 2735 hoc
482 2690 594 2736 ὃέδυ
618 2691 668 2735 in
693 2691 775 2735 δύε
805 2706 905 2734 corr
927 2706 950 2736 s
1011 2692 1267 2737 ἀποδύεται
1294 2693 1419 2738 ΟΜα
1452 2693 1542 2736 edd
1667 2697 1718 2735 15
1750 2695 1863 2749 λιμῷ

173 2750 349 2794 inserui
382 2765 406 2794 e
434 2750 638 2795 CLaMa
713 2764 786 2794 om
812 2752 917 2795 HV
943 2751 1034 2795 edd
1083 2753 1090 2808 Ι
1139 2749 1292 2795 καίτοι
1325 2751 1490 2807 scripsi
1562 2752 1641 2794 καὶ
1671 2751 1723 2794 τὸ
1754 2751 1863 2794 libri

175 2808 266 2852 edd
294 2811 300 2862 Ι
328 2809 452 2868 αὐτῷ
478 2809 644 2865 scripsi
668 2822 724 2852 ex
747 2810 804 2853 H
810 2810 939 2852 VMa
1000 2810 1142 2854 αὐτὸν
1162 2810 1272 2855 CLa
1297 2810 1387 2853 edd
1449 2810 1710 2864 αὐτάρκους
1733 2807 1866 2853 σίτου

173 2869 448 2969 μετᾳλὲβεῖν
480 2869 624 2913 αὐτὸν
656 2870 733 2924 (sc.
768 2869 867 2912 δεῖν
906 2883 951 2913 se
982 2874 1180 2924 oportere
1203 2883 1359 2924 capere
1390 2870 1479 2913 cibi
1510 2870 1629 2925 quod
1651 2870 1865 2931 satisvsz't)

175 2940 280 2969 com
355 2940 379 2970 c
