2010 3168
201 138 309 191 292
663 135 896 180 LIBANII
923 134 1313 181 DECLAMATIO
1344 135 1431 180 XX

200 277 249 326 S.
281 277 645 326 Gabbarinae
693 275 1016 337 Sinaitirm,
1070 277 1211 324 euius
1264 291 1378 324 cum
1416 275 1580 325 codiee
1627 293 1699 340 gr.
1722 305 1725 308 <
1746 278 1888 326 1198

199 351 320 400 olim
356 367 511 399 unum
542 350 774 399 volumen
802 350 878 398 iba
907 350 1070 399 effecit
1092 352 1150 398 ut
1178 352 1286 412 ipse
1316 350 1617 413 principium
1648 352 1698 399 et
1727 350 1891 411 finem,

198 426 284 473 ille
316 424 534 473 medium
563 425 767 486 teneret,
780 417 822 491 ¹)
862 441 892 471 a
922 418 1437 491 Tischendorfio2)
1469 423 1693 487 Lipsiam
1729 426 1891 473 trans-

198 501 385 560 vectus,
416 500 504 560 qui
534 500 755 546 eontinet

311 573 395 622 fol.
432 576 459 620 1
494 569 770 637 ἀριστείδου
802 569 1140 637 πανηγυρικὸς
1178 570 1233 621 ἐν
1271 571 1450 631 κυζίκω
1489 569 1599 637 περὶ
1636 577 1725 620 τοῦ
1763 578 1891 621 ναοῦ

201 639 384 714 (rubr.)
416 640 515 714 (ed.
547 646 694 694 Dind.
725 646 752 694 I
780 663 828 709 p.
854 648 960 694 382
978 642 1077 713 sq.)

316 722 373 770 5v
417 718 740 786 αὐτοκράτορι
785 719 983 786 καίσαρι
1028 719 1196 786 μάρκω
1247 718 1466 784 αὐρηλίω
1513 717 1767 768 ἀντωνίνω
1814 732 1894 767 σε·-

201 796 383 860 βαστῶ·
416 792 500 842 καὶ
530 793 850 861 αὐτοκράτορι
879 794 1075 858 καίσαρι
1106 793 1288 843 λουκίω
1327 792 1545 859 αύρηλίω
1585 792 1782 857 κομόὸω
1814 806 1892 842 σε-

200 868 382 934 βαστῶ,
413 867 570 927 αἴλιος
600 866 875 933 ἀριστείδης
905 867 1091 934 χαίρειν
1120 863 1175 935 (i.
1201 884 1241 916 e.
1266 866 1492 931 ἐπιστολὴ
1517 865 1628 933 περὶ
1651 866 1893 932 Σμύρνης

201 943 266 992 ib.
298 943 324 990 I
354 960 401 1005 p.
431 943 533 990 762
550 936 662 1007 sq.).

317 1019 346 1065 7
380 1023 468 1065 τοῦ
499 1014 652 1064 αὐτοῦ
683 1015 958 1065 παλινωδία
987 1014 1065 1065 ἐπὶ
1096 1015 1288 1082 σμύρνη
1321 1010 1409 1083 (ib.
1441 1033 1488 1079 p.
1515 1017 1620 1065 429
1639 1008 1752 1082 sq.).

318 1092 377 1139 9Υ
405 1089 711 1156 πλουτάρχου
742 1097 846 1149 πῶς
877 1087 939 1138 ἄν
970 1108 1042 1148 τις
1073 1089 1299 1139 αἴσθοιτο
1324 1089 1502 1139 ἑαυτοῦ
1531 1088 1896 1155 προκόπτοντος

205 1160 282 1214 ἐπ’
317 1163 463 1229 ἀρετῆ
497 1157 692 1231 (rubr.).

320 1240 414 1287 16¹⁷
443 1245 531 1287 τοῦ
563 1238 715 1287 αὐτοῦ
747 1236 858 1303 περὶ
886 1237 1382 1304 πολυπραγμοσύνης.
1437 1238 1602 1286 Verba
1633 1244 1719 1300 τῆς
1742 1235 1896 1286 νόσου

207 1313 387 1375 quibus
412 1313 588 1360 folium
621 1315 717 1360 21v
747 1312 930 1360 desinit
957 1312 1269 1375 excipiuntm·
1299 1312 1420 1361 folio
1455 1314 1522 1361 33
1557 1311 1689 1374 quod
1718 1311 1900 1373 incipit

204 1387 368 1436 verbis
399 1386 579 1449 ταύτης
610 1384 692 1435 καὶ
723 1386 871 1448 φύσει
895 1379 966 1451 (p.
993 1387 1097 1434 522
1117 1380 1188 1453 D)
1214 1388 1264 1435 et
1295 1387 1478 1435 desinih
1508 1386 1671 1435 verbis
1702 1385 1894 1434 ultimis

207 1468 293 1510 τοῦ
325 1459 706 1524 ἐπιτηδεύματος
737 1453 808 1527 (p.
836 1461 939 1509 523
959 1454 1039 1527 Β).

319 1537 384 1583 31
419 1536 583 1596 spatio
615 1535 825 1582 duarum
855 1534 1102 1583 linearum
1128 1535 1277 1583 titulo
1299 1535 1473 1583 relicto
1498 1534 1675 1596 incipit
1696 1532 1899 1580 Libanii

208 1609 504 1657 declamatio
525 1603 686 1673 Ἔχων
717 1608 788 1667 τίς
817 1612 1029 1673 γυναῖκα
1060 1606 1143 1657 καὶ
1174 1604 1244 1656 ὢν
1276 1606 1372 1658 ὑπὸ
1396 1605 1543 1671 πατρὶ
1569 1602 1665 1674 (IV
1692 1608 1795 1655 639
1815 1600 1897 1673 R).

208 1682 373 1731 Verba
421 1679 446 1730 ὁ
491 1679 544 1731 δὲ
589 1680 699 1731 ἀντὶ
745 1682 923 1744 quibus
960 1683 1163 1730 ‘folium
1211 1684 1307 1731 32ν
1351 1683 1534 1730 desinit
1586 1681 1900 1743 excipiuntur

208 1757 329 1805 folio
364 1758 431 1804 22
465 1756 601 1818 quod
630 1751 810 1818 incipit
832 1756 996 1805 verbis
1019 1755 1205 1805 τούτων
1230 1754 1323 1805 οὐκ
1349 1753 1586 1818 ἐσκέψατο
1612 1749 1761 1821 (645,
1787 1748 1898 1820 27).

209 1831 519 1879 Declamatio
557 1831 742 1878 desinit
777 1830 899 1878 folio
940 1832 1036 1878 24v
1066 1830 1119 1878 in
1156 1830 1338 1878 ultima,
1376 1830 1526 1878 verba
1565 1834 1772 1894 θρηνῶν
1807 1826 1899 1892 τὴν

209 1907 366 1970 γυναῖ
388 1897 508 1971 (sio)
540 1903 841 1968 τεθνήξομαι
872 1898 1020 1970 (650,
1040 1897 1148 1971 30).
1211 1903 1442 1952 Succedit
1473 1903 1768 1952 declamatio

322 1978 407 2027 fol.
441 1980 538 2026 24v
575 1976 743 2027 Μετὰ
783 1976 848 2026 τὰ
893 1976 953 2027 έν
1000 1978 1279 2043 χερωνεία
1325 1977 1614 2041 φίλιππος
1661 1975 1899 2039 ἐζήτησε

213 2051 311 2101 τὸν
359 2050 765 2116 ὃημοσθένην·
815 2050 841 2101 ὅ
884 2051 1070 2116 δῆμος
1115 2049 1291 2115 ἤτησε
1337 2049 1507 2101 πέντε
1550 2048 1769 2116 ἡμέρας
1814 2049 1900 2108 εἰς

214 2124 546 2187 διάσκεψιν.
579 2124 639 2175 έν
671 2125 912 2185 ταύταις
937 2123 963 2174 ὃ
988 2123 1371 2190 δημοσθένης
1401 2123 1614 2174 ἑαυτὸν
1645 2137 1901 2189 προσαγ-

213 2197 413 2263 γέλλει.
453 2198 546 2248 Oui
575 2199 627 2248 in
659 2199 780 2248 folio
817 2201 911 2247 28v
940 2200 1158 2248 succedit

324 2280 411 2322 τοῦ
443 2272 731 2336 σοφωτάτου
762 2271 844 2322 καὶ
871 2272 1165 2339 λογιωτάτου
1188 2280 1343 2338 κυροῦ
1368 2271 1646 2338 νικηφόρου
1672 2278 1758 2320 τοῦ
1781 2289 1900 2335 γρη-

214 2354 336 2412 γορᾶ
382 2345 523 2412 λόγος
568 2345 1047 2412 προσφωνηματικὸς
1091 2346 1161 2405 εἰς
1206 2345 1292 2396 τὸν
1338 2344 1536 2411 βασιλέα
1590 2347 1677 2407 qui
1722 2344 1904 2393 desiniss

216 2421 335 2468 folio
371 2421 466 2469 30v
496 2422 548 2468 in
579 2421 727 2469 verba
758 2421 833 2485 εἴη
865 2420 1183 2484 συνήδεσθαι.

339 2533 380 2587 1)
413 2530 479 2575 of.
512 2532 591 2576 t.1
622 2546 666 2587 p.
693 2536 799 2587 3353
831 2532 875 2575 II
904 2546 949 2588 p.
975 2536 1031 2575 60
1067 2532 1115 2575 eh
1152 2545 1273 2587 quae
1320 2531 1512 2588 exposui
1557 2531 1606 2574 in
1654 2529 1902 2574 annalibus

218 2590 611 2635 Fleckeisenianis
646 2594 758 2634 1876
791 2606 835 2647 p.
861 2595 945 2634 637
964 2604 1030 2646 eq.
1057 2592 1104 2634 et
1132 2590 1232 2635 Rel.
1259 2591 1389 2635 acad.
1414 2590 1564 2634 Berol.
1593 2594 1705 2634 1885
1730 2604 1775 2645 p.
1803 2593 1903 2643 916,

218 2662 339 2704 quae
372 2649 593 2751 Reglecba
631 2651 741 2692 eunt
778 2664 805 2692 a
845 2649 1218 2705 Gardhhaueenm
1260 2650 1405 2694 Cabal.
1438 2649 1572 2693 codd.
1603 2662 1754 2705 graec.
1788 2646 1901 2691 bibl.

219 2708 341 2752 univ.
412 2708 496 2764 ipe.
530 2723 573 2765 p.
599 2712 669 2751 51.

339 2770 383 2824 2)
415 2768 457 2810 Is
497 2767 555 2810 de
592 2767 681 2811 hoe
721 2766 882 2811 codice
918 2767 1081 2810 retulit
1113 2766 1302 2812 Wiener
1331 2766 1621 2811 Jahrbficher
1658 2767 1741 2810 der
1777 2765 1901 2809 Lite-

225 2828 350 2869 πται·
379 2826 467 2870 vol.
501 2825 579 2870 CX
609 2827 760 2882 (1845)
791 2825 1120 2883 Anzeigeblaizt
1150 2841 1196 2882 p.
1222 2830 1247 2869 9
1281 2827 1328 2870 et
1364 2825 1451 2870 vol.
1478 2825 1598 2869 CXII
1628 2827 1777 2881 (1845)
1811 2824 1904 2867 An-

220 2900 264 2928 ’ω
319 2885 476 2929 -leatt
506 2900 550 2941 p.
576 2888 764 2929 40—42.
829 2884 985 2941 Serap.
1014 2884 1120 2929 VIII
1149 2899 1195 2940 p.
1221 2889 1291 2929 67.
1354 2884 1526 2928 Aneed.
1559 2897 1674 2928 sacr.
1707 2885 1755 2927 eb
1783 2881 1894 2939 prof

222 2958 267 2999 p.
295 2952 346 2987 31,
419 2949 479 2988 ⁴⁴3.
