2010 3168
903 564 1072 619 XXX.

150 686 491 755 Φθονερὸς
543 693 657 738 τοῦ
718 687 1017 753 γείτονος
1078 683 1281 738 αὐτοῦ
1342 687 1834 754 πλουτήσαντος

432 772 746 843 ἐξαίφνης
784 772 1019 827 ἑαυτὸν
1056 772 1555 844 προσαγγέλλει.

256 909 301 960 1.
346 904 482 961 Ἀλλ’
542 909 593 960 εἰ
643 907 734 960 καὶ
788 911 966 970 καλῶς
1020 906 1190 960 οἴεται
1242 907 1304 959 τὸ
1362 908 1652 976 δαιμόνιον
1697 913 1926 958 R1V159

141 995 431 1066 εὑρηκέναι
464 995 534 1049 δι’
576 996 707 1049 ὅτου
741 999 845 1060 ζῶν
878 995 1172 1065 ἀνιάσομαι
1210 1001 1286 1067 τῷ
1325 997 1533 1064 γείτονι
1576 997 1678 1066 μὲν
1708 1011 1832 1049 τοσ-
1878 1019 1902 1050 4

264 1157 323 1202 Cr
385 1179 440 1193 =
466 1156 622 1201 Codex
652 1156 1110 1212 Hierosolymiizanus
1144 1155 1188 1200 S.
1215 1154 1376 1201 Crucis
1403 1161 1456 1200 57

259 1216 315 1259 H
380 1239 435 1253 =
460 1215 920 1272 Hierosolymitanus
955 1215 999 1259 S.
1025 1215 1242 1272 Sepulcri
1269 1220 1351 1259 107

269 1274 310 1319 V
382 1297 437 1312 =
463 1275 720 1319 Vaizicanus
752 1290 820 1333 gr.
846 1279 933 1319 940

261 1335 346 1379 Mo
382 1357 438 1371 =
462 1334 754 1379 Monacensis
787 1349 854 1392 gr.
883 1338 966 1378 113

260 1394 306 1437 B
383 1416 439 1431 =
463 1394 746 1438 Barberinus
776 1394 820 1438 Π
843 1399 898 1437 41

260 1455 307 1498 P
382 1475 439 1490 =
471 1453 710 1497 Parisinus
742 1468 810 1510 gr.
836 1457 952 1497 2998

258 1513 320 1556 M
381 1535 437 1549 =
461 1512 727 1557 Marcianus
759 1527 826 1570 gr.
851 1517 938 1555 439

258 1573 335 1616 La
381 1594 437 1609 =
462 1572 804 1616 Laurenizianus
836 1571 959 1615 LVII
983 1577 1040 1615 44

267 1632 323 1676 Vi
384 1653 441 1668 =
465 1631 841 1676 vindobonensis
871 1630 1038 1687 philos.
1073 1631 1121 1675 et
1149 1629 1313 1687 philol.
1338 1630 1403 1675 IV
1428 1635 1482 1674 82

263 1691 316 1736 Ol
383 1713 440 1727 =
464 1690 778 1736 Berolinensis
811 1705 879 1748 gr.
906 1695 990 1734 195
1023 1690 1134 1734 olim
1167 1689 1557 1734 claromontanus

266 1750 336 1795 Va
383 1772 439 1788 =
469 1749 722 1795 Vaticanus
753 1764 820 1807 gr.
847 1753 903 1793 82

263 1903 286 1941 1
320 1896 478 1955 μελέτη
512 1894 664 1953 ὡραία
693 1897 822 1942 πάνυ
853 1899 934 1942 καὶ
965 1897 1129 1954 ἀγαθὴ
1161 1897 1241 1942 καὶ
1273 1896 1404 1954 δεινὴ
1435 1897 1514 1941 καὶ
1542 1895 1726 1953 σφόδρα
1748 1904 1832 1942 τοῦ

141 1960 385 2013 φθονεροῦ
408 1964 506 2007 τοῖς
530 1956 700 2012 ἤθεσιν
725 1955 957 2013 ἁρμονίως
979 1955 1282 2014 πεποιημένη,
1315 1957 1370 2001 οὐ
1395 1955 1486 2013 μὴν
1510 1956 1625 2000 ἀλλὰ
1655 1958 1746 2001 κάν
1768 1960 1831 2015 τῷ

139 2014 256 2060 τέλει
288 2015 562 2073 ὡραιοτάτη.
597 2015 878 2072 ἀποστρέφει
916 2015 1003 2074 γὰρ
1042 2016 1159 2071 πρὸς
1196 2013 1341 2060 αὐτόν
1378 2031 1426 2060 τε
1464 2015 1546 2059 τὸν
1577 2018 1832 2072 πεπλουτη-

142 2074 257 2120 κότα
295 2076 375 2119 καὶ
414 2075 531 2131 πρὸς
569 2076 678 2127 τοὺς
720 2074 960 2126 δικαστάς·
1004 2073 1266 2133 σχηματίζει
1304 2075 1385 2119 καὶ
1424 2075 1568 2119 αὐτὸν
1607 2075 1688 2119 τὸν
1720 2075 1832 2119 ποτὲ

140 2133 224 2191 μὲν
262 2134 461 2191 πένητα,
501 2133 603 2179 τότε
642 2135 693 2179 δὲ
733 2135 956 2179 πλούσιον
996 2134 1046 2178 ἐν
1077 2137 1139 2192 τῷ
1172 2132 1452 2193 δικαστηρίῳ
1484 2133 1830 2190 προσεληλυθό-

139 2210 199 2237 τα
245 2193 665 2251 (προσεληλυθότας
712 2194 829 2251 cod.)
879 2194 958 2238 καὶ
1004 2193 1368 2251 παραγγέλλεται
1414 2194 1496 2237 καὶ
1539 2200 1637 2243 τοῖς
1677 2192 1833 2245 ἄλλοις

140 2250 352 2303 πολίταις
382 2251 623 2310 ἀφόρητον
654 2252 874 2309 ἡγεῖσθαι
905 2260 987 2297 τοῦ
1020 2254 1146 2309 (ante
1176 2259 1260 2297 τοῦ
1290 2265 1366 2296 ras
1391 2258 1417 2295 2
1442 2252 1535 2308 litt,
1567 2267 1679 2295 num
1702 2251 1830 2307 vbv?)

142 2309 348 2368 γείτονος
378 2313 594 2356 πλοῦτον.
627 2313 703 2357 δεῖ
729 2311 818 2370 γὰρ
850 2311 1049 2357 πάντοτε
1072 2312 1181 2362 τοὺς
1203 2308 1416 2370 γείτονας
1447 2311 1507 2368 μὴ
1538 2314 1833 2356 πλεονεκτεῖν

141 2370 344 2425 ἀλλήλων
374 2371 424 2414 in
455 2384 588 2428 marg
604 2371 697 2415 La³
734 2371 792 2416 cf.
818 2371 960 2415 schol.
987 2371 1047 2415 ad
1073 2387 1116 2427 p.
1144 2375 1244 2425 656,
1263 2375 1288 2414 6
1315 2372 1363 2415 eb
1385 2386 1430 2427 p.
1458 2375 1558 2414 511.
1621 2386 1831 2427 πραγμα-

139 2429 245 2485 τική
275 2430 326 2473 in
358 2443 491 2487 marg
517 2431 576 2474 M
696 2435 720 2474 3
753 2429 1003 2488 προοίμιον
1034 2430 1084 2474 in
1115 2443 1249 2488 marg
1274 2430 1372 2474 Lau

263 2582 285 2620 1
320 2576 458 2633 ἄλλης
488 2577 673 2634 μελέτης
703 2577 882 2632 θεωρία
914 2581 1024 2622 ante
1054 2577 1248 2622 titulum
1280 2578 1371 2621 edd
1433 2576 1585 2620 delevi
1612 2573 1690 2634 ΙὉ
1721 2578 1832 2620 ante

142 2635 379 2691 φθονερὸς
403 2636 504 2680 Mor
565 2636 643 2681 del
665 2637 733 2681 Re
797 2637 1037 2692 Φθονερὸς
1061 2663 1115 2670 -
1142 2642 1166 2680 2
1191 2636 1537 2694 προσαγγέλλει]
1562 2635 1661 2678 Δύο
1686 2633 1831 2710 γείτο-

143 2710 219 2745 νες
251 2690 369 2750 ἦσαν
399 2696 594 2754 πτωχοὶ·
627 2697 707 2740 καὶ
745 2703 827 2741 τοῦ
869 2696 973 2747 ἑνὸς
1013 2695 1186 2752 αἴφνης
1222 2695 1590 2752 πεπλουτηκότος
1622 2693 1646 2738 ὁ
1681 2709 1832 2747 ετερος

141 2753 347 2808 προσιὼν
376 2761 474 2804 τοῖς
504 2757 745 2806 δικασταῖς
776 2756 897 2800 αἰτεῖ
917 2757 1112 2800 κώνειον
1139 2756 1224 2799 Mo
1256 2755 1313 2798 cf.
1339 2771 1383 2812 p.
1411 2759 1504 2810 614μ
1538 2756 1544 2809 Ι
1587 2754 1731 2796 αὐτῶι
1755 2754 1829 2796 La

203 2813 326 2856 αὐτῶ
361 2813 419 2858 Vi
449 2813 530 2857 sed
560 2821 642 2858 τοῦ
675 2828 818 2870 supra
847 2822 909 2858 τῶ
940 2814 1011 2857 m²
1153 2818 1178 2856 3
1222 2812 1329 2857 222⁹
1366 2814 1426 2870 εἰ]
1458 2811 1580 2857 Ἀλλὰ
1606 2814 1689 2858 Mo

142 2877 170 2914 4
203 2871 449 2928 εὑρηκέναι
472 2873 549 2917 La
580 2873 662 2916 sed
693 2890 722 2930 η
755 2887 810 2918 ex
835 2890 851 2917 ι
875 2876 930 2917 ut
960 2873 1147 2916 videtur
1176 2872 1227 2915 in
1257 2886 1332 2916 ras
1365 2886 1466 2916 corr
1488 2887 1510 2915 s
1537 2875 1542 2926 Ι
1571 2869 1730 2915 διότου
1755 2871 1831 2914 La

153 2931 221 2974 Va
281 2928 346 2975 δι’
382 2945 458 2975 om
485 2933 569 2976 Mo
