2010 3168
235 125 525 171 GREGORII
557 125 756 170 CYPRH
787 124 1249 169 ATHENIENSIUM
1280 124 1578 168 DEFENSIO
1723 124 1793 176 53

104 261 465 324 ἐπαινοῦντας
504 259 605 330 μὲν
645 260 849 314 ἅπανθ’
898 260 1017 330 ἑξῆς
1056 260 1158 313 ὅσα
1198 262 1470 329 εἰρήκασι,
1521 260 1695 330 μηδὲν
1734 262 1795 314 δὲ

102 358 197 419 τῆς
235 350 499 418 ἀληθείας
538 352 957 421 φροντίζοντας,
1006 350 1174 402 οὐδὲν
1221 349 1290 403 ἂν
1335 349 1504 402 πλέον
1551 351 1796 412 εἰπόντες

101 437 239 507 μηδὲ
283 442 914 508 πολυπραγμονήσαντες
960 438 1218 510 ᾠχόμεθα
1264 440 1365 506 τὴν
1412 436 1495 492 ἐπ’
1549 437 1794 507 Ἀθήνας.

102 530 158 581 τί
194 529 296 597 γὰρ
338 527 407 580 ἂν
442 525 513 597 ἧν
545 530 745 596 ὄφελος
777 527 958 596 λέγειν
988 527 1020 596 ἢ
1056 527 1196 590 ὅλως
1226 547 1278 580 τι
1310 528 1795 597 πραγματεύεσθαι

101 618 248 686 παρὰ
288 618 594 686 δικασταῖς,
634 616 858 687 ἐχθροῖς
904 613 1006 686 μὲν
1046 617 1384 685 εὐλαβοῦμαι
1433 615 1613 685 λέγειν
1658 613 1796 685 μηδὲ
1842 637 1862 670 5

102 708 273 759 ἄλλου
313 726 413 759 του
453 705 746 773 ἀκούσαιμι
787 705 1062 774 λέγοντος,
1103 707 1169 758 τὰ
1207 706 1385 758 πάντα
1425 702 1484 758 δὲ
1525 703 1635 758 κατ’
1683 704 1795 758 ἐπι-

101 797 313 862 θυμίαν
353 791 477 848 οὖσι
516 794 953 865 τοῖςὴμετέροις
993 794 1238 864 ἐχθροῖς;
1285 793 1416 847 νυνὶ
1465 793 1512 847 δ’
1560 795 1796 864 ὁρῶντες

99 885 428 953 προθύμους
466 885 609 954 ὑμᾶς
656 882 819 954 ἔργον
869 883 1091 951 ἀνδρῶν
1138 883 1414 954 ὀρθότατα
1462 885 1796 948 δικαζόντων

99 976 384 1042 πληρῶσαι
429 972 520 1026 καὶ
561 973 792 1026 ἀκοῦσαι
832 970 935 1042 μὲν
972 974 1062 1026 καὶ
1102 972 1260 1041 ἡμῶν
1299 975 1467 1041 λόγον
1506 973 1795 1040 διδόντων,

101 1063 427 1131 διατεθῆναι
452 1060 512 1115 δὲ
536 1063 627 1115 καὶ
659 1064 755 1125 τὰς
788 1064 1007 1131 γνώμας
1042 1068 1197 1124 ἴσους
1227 1061 1576 1132 ἀμφοτέροις,
1602 1063 1796 1132 φιλίαν
1820 1084 1863 1115 10

102 1148 161 1204 δὲ
199 1150 291 1204 καὶ
333 1153 638 1220 οἰκειότητα
677 1152 779 1220 τὴν
817 1153 954 1222 πρὸς
986 1155 1336 1221 Κορινθίους
1374 1150 1465 1204 καὶ
1501 1151 1795 1220 διαφοράν,

101 1245 157 1293 εἴ
188 1243 271 1303 τίς
310 1238 424 1293 ἐστι
464 1242 601 1310 πρὸς
640 1241 797 1308 ἡμᾶς,
836 1243 898 1294 τό
939 1260 1001 1309 γε
1040 1248 1147 1294 νῦν
1188 1235 1329 1294 εἶναι
1368 1242 1556 1310 πόρρω
1601 1247 1794 1308 στῆσαι

100 1338 212 1382 τῶν
259 1334 563 1398 λογισμῶν,
618 1328 852 1382 ἵνακαὶ
909 1329 1119 1399 ἀμφοῖν
1171 1338 1286 1392 τοῖς
1337 1329 1560 1397 μέρεσιν
1609 1329 1796 1398 ὀρθῶς

100 1416 191 1470 καὶ
229 1419 619 1488 προσηκόντως
658 1418 906 1488 δικάζητε
944 1419 1034 1472 καὶ
1070 1418 1212 1488 μηδέ
1238 1438 1321 1481 τις
1353 1417 1620 1472 ἐντεῦθεν
1651 1419 1794 1486 λύμη

101 1515 175 1578 τῷ
223 1508 417 1579 δικαίῳ
465 1506 859 1578 ἐπισυμβαίνη,
915 1507 944 1560 ὃ
986 1509 1054 1577 δὴ
1101 1508 1191 1561 καὶ
1241 1508 1440 1570 πάντες
1493 1506 1795 1574 νομοθέται
1819 1527 1862 1561 1⁵

100 1606 364 1665 τιμῶντες
418 1595 504 1649 ἐπὶ
559 1597 738 1669 τούτῳ
791 1599 920 1660 τοὺς
975 1597 1235 1659 δικαστὰς
1289 1594 1582 1666 ὁρκοῦντές
1635 1597 1794 1663 εἰσιν,

101 1684 402 1755 ἀνέστημεν
433 1684 524 1738 καὶ
558 1684 716 1738 αὐτοὶ
751 1684 1008 1755 ἐροῦντες
1039 1685 1177 1756 ὑπὲρ
1219 1685 1387 1755 ἡμῶν.
1430 1684 1478 1737 3.
1509 1686 1654 1753 πλὴν
1694 1684 1793 1754 οὐχ

102 1773 283 1844 ὥσπερ
331 1777 634 1844 Κορίνθιοι
681 1776 771 1827 καὶ
819 1775 971 1844 ἡμεῖς
1018 1776 1095 1838 εἰς
1141 1775 1237 1837 τὰς
1282 1772 1400 1827 κατ’
1452 1774 1636 1827 αὐτῶν
1683 1777 1794 1826 λοι-

101 1864 293 1934 δορίας
333 1863 678 1932 ἐμβαλοῦμεν
717 1864 913 1917 αὐτίκα
952 1862 1065 1925 οὔτ’
1113 1859 1183 1916 αὖ
1224 1863 1414 1932 φιλίας
1444 1862 1672 1932 ἀρχαίας
1701 1860 1793 1915 καὶ

102 1954 404 2020 συνηθείας
456 1952 599 2021 ὑμᾶς
654 1951 1040 2022 ἄναμνήσομεν
1094 1951 1184 2005 καὶ
1240 1953 1314 2015 ὡς
1365 1950 1478 2020 μετ’
1542 1950 1795 2020 ἀλλήλων
1818 1971 1862 2005 20

101 2040 398 2103 συστάντες
428 2042 562 2095 ποτὲ
592 2050 708 2104 τοῖς
724 2039 989 2109 ’Ἑλλησιν
1019 2041 1338 2111 ὑπήρξαμεν
1370 2041 1429 2094 ἐν
1461 2048 1634 2114 καιρῷ
1668 2042 1771 2094 οὐδ

101 2129 413 2197 εὐεργεσίας
466 2128 621 2196 ἡμῶν
672 2129 1059 2198 καταλέξομεν,
1123 2130 1187 2192 ἃς
1246 2131 1454 2192 πολλὰς
1508 2130 1576 2183 οὐ
1629 2130 1794 2200 χωρὶς

100 2219 381 2271 κινδύνων
434 2217 525 2271 καὶ
578 2229 778 2280 κοινῶς
832 2218 1178 2288 κατεθέμεθα
1217 2227 1332 2282 τοῖς
1369 2227 1503 2272 πᾶσι
1547 2218 1636 2272 καὶ
1679 2221 1793 2290 ἰδίᾳ

101 2315 214 2369 τοῖς
252 2306 360 2360 ’ἀεὶ
424 2307 717 2376 δεομένοις.
782 2308 909 2361 οὔτε
971 2309 1075 2377 γὰρ
1139 2305 1403 2377 εὐπρεπὲς
1463 2308 1555 2361 καὶ
1617 2310 1793 2371 ἄλλως

104 2397 394 2465 ἰσχύοντας
439 2405 711 2466 περιεῖναι
757 2406 869 2449 τῶν
914 2395 1389 2466 ἀντιτεταγμένων
1436 2396 1791 2466 λοιδορουμέ-
1817 2414 1858 2448 25

102 2504 231 2547 νους
263 2485 450 2547 αὐτοῖς
482 2483 690 2538 ἐπιέναι
721 2485 811 2538 καὶ
844 2488 906 2539 τό
939 2506 1001 2554 γε
1032 2487 1477 2555 κατορθωμάτων
1508 2492 1792 2539 ποιεῖσθαι

103 2574 409 2641 κατάλογον
455 2573 487 2626 ἃ
535 2574 709 2642 μηδὲν
754 2583 870 2636 τοῖς
917 2583 1155 2643 παροῦσι
1202 2577 1432 2643 καθήκει
1482 2575 1666 2643 σαθρά
1709 2594 1793 2637 τις

79 2659 171 2713 »ἂν
218 2667 300 2729 εἴη
348 2663 633 2730 φιλοτιμία
679 2661 768 2715 καὶ
817 2661 1075 2726 ἐπίδειξις
1121 2664 1370 2733 ἄκαιρος,
1421 2662 1510 2715 καὶ
1558 2663 1791 2730 μάλιστα

224 2824 249 2863 3
282 2821 342 2878 μὴ
375 2821 426 2866 δὲ
460 2823 503 2866 V
526 2824 581 2865 ut
612 2824 879 2866 constanter
1023 2827 1076 2866 12
1116 2820 1168 2867 τό
1201 2823 1366 2879 scripsi
1441 2830 1503 2867 τῶ
1527 2824 1625 2867 LV
1651 2822 1790 2866 Sohm

105 2878 160 2921 ef.
192 2881 225 2923 t.
250 2879 314 2924 IV
339 2885 439 2936 391,
458 2884 513 2923 24
659 2885 713 2925 17
746 2881 880 2925 αὐτοὶ
911 2882 1098 2938 reposui
1131 2895 1155 2925 e
1180 2883 1278 2927 LV
1333 2882 1478 2925 αὐτοῦ
1511 2881 1649 2925 Schm

106 2940 162 2980 20
193 2937 446 2995 συνηθείας
475 2940 661 2995 reposui
694 2953 718 2984 e
743 2941 840 2985 LV
896 2939 1118 2996 συνήθεις
1148 2940 1287 2984 Schm
