2010 3168
408 97 636 143 MOROSI
666 97 746 142 DE
778 97 986 143 UXORE
1016 96 1278 151 LOQUAGI
1310 97 1593 152 QUERELA
1720 97 1825 150 501
1911 112 1918 118 ·

138 237 426 306 κα]στήριον
463 239 647 303 ταύτην
687 232 758 305 (p.
787 240 910 301 539,
931 231 1022 304 10)
1061 253 1216 302 usque
1264 238 1328 286 ad
1366 240 1573 300 exitum3
1615 238 1736 287 folio
1770 239 1828 285 4v

138 320 225 363 τοῦ
258 312 410 363 αὐτοῦ
441 311 551 379 περὶ
582 313 873 378 πεζομαχίας
905 306 964 380 (t.
989 312 1061 360 IV
1089 314 1228 361 1046
1247 306 1316 379 R)

252 389 281 436 5
315 393 403 437 τοῦ
436 386 710 453 ἀριστείδου
742 387 811 446 εἰς
843 385 1042 436 ἐτεωνέα
1073 384 1349 451 ἐπικήδειος

252 464 280 510 7
314 468 401 511 τοῦ
432 461 694 527 ὑπερτίνου
727 456 1018 528 (ὑπερτίμου
1057 477 1289 524 suprascr
1318 455 1414 526 m²)
1446 464 1631 524 ψελλοῦ
1668 479 1826 529 μονω-

138 538 220 586 δία
257 536 327 595 εἰς
367 535 586 599 ἰωάννην
624 536 894 602 πατρίκιον.
935 532 1172 600 ὁμιλητὴν
1210 534 1363 585 αὐτοῦ
1403 533 1533 585 ὄντα.
1576 533 1672 584 ἔστι
1712 532 1764 584 δὲ
1795 531 1825 598 ἡ

136 609 304 677 γραφὴ
337 607 522 675 ἀρίστη.

246 692 331 741 fol.
368 696 395 741 9
443 691 655 758 σεβήρου
704 698 941 755 σοφιστοῦ
988 689 1316 758 ἀλεξανὸρέως
1361 689 1647 757 ἠθοποιίαις
1693 691 1828 751 τίνας

135 764 198 816 ἂν
230 760 332 815 εἶπε
363 765 538 832 λόγους
570 764 785 825 ἀκούσας
817 765 869 815 ἐν
901 765 1026 816 ἅδον
1058 764 1277 831 ἆχιλλεὺς
1300 765 1386 816 τὸν
1416 765 1609 832 πύρρον
1631 765 1827 831 πορθή-

136 855 286 890 σαντα
317 839 408 904 τὴν
439 841 630 907 τροίανε
663 834 828 907 (Walz
856 841 980 890 rhet.
1013 858 1083 905 gr.
1108 841 1133 888 I
1155 835 1292 908 545)

250 925 308 972 9v
337 929 425 971 τοῦ
457 921 631 972 αὐτοῦ·
664 922 799 981 τίνας
830 920 892 971 ἂν
923 916 1026 972 εἶπε
1058 921 1234 989 λόγους
1265 920 1494 987 μενέλαος
1518 928 1606 971 τοῦ
1629 920 1826 982 ἀλεξάν-

137 998 257 1063 δρου
289 995 380 1061 τὴν
411 994 582 1060 ἕλένην
615 994 924 1063 ἁρπάσαντος
953 991 1118 1064 (Walz
1150 998 1181 1046 1.
1206 999 1238 1046 l.
1263 1015 1310 1060 p.
1339 991 1471 1063 543)

245 1085 333 1128 τοῦ
366 1076 544 1127 αὐτοῦε
576 1078 714 1137 τίνας
745 1075 807 1127 ἂν
838 1073 940 1128 εἶπε
972 1077 1148 1145 λόγους
1179 1076 1329 1144 ἕκτωρ
1369 1077 1586 1137 ἀκούσας
1616 1077 1670 1127 ἐν
1702 1077 1827 1127 δίδου

136 1153 353 1220 πρίαμον
385 1152 751 1219 συγγεύσασθαι
781 1150 968 1219 ἆχιλλεῖ
991 1147 1157 1219 (Walz
1191 1147 1323 1220 544)

251 1242 337 1284 τοῦ
370 1233 536 1284 αὐτοῦ.
569 1227 705 1294 τίνας
737 1231 799 1284 ἂν
830 1229 932 1284 εἶπε
965 1235 1140 1302 λόγους
1173 1234 1429 1302 ζωγράφος
1452 1235 1649 1301 γράψας
1672 1233 1827 1300 κόρην

135 1307 218 1359 καὶ
250 1307 477 1376 ἐρασθεὶς
509 1307 662 1374 αὐτῆς
693 1303 860 1376 (Walz
894 1303 1025 1378 546)

246 1392 329 1440 fol.
368 1393 435 1440 10
468 1397 555 1439 τοῦ
587 1389 763 1440 αὐτοῦς
802 1391 937 1450 τίνας
977 1389 1039 1440 ἂν
1079 1385 1181 1441 εἷπε
1221 1390 1396 1457 λόγους
1429 1386 1454 1440 ὅ
1485 1387 1702 1458 ἡρακλῆς
1739 1398 1826 1440 τοῦ

134 1463 491 1532 περικλυμένου
523 1467 618 1514 κτλ.
653 1458 819 1532 (Walz
849 1483 897 1528 p.
925 1459 1054 1533 541)

245 1549 330 1597 fol.
366 1549 459 1597 lov
496 1553 584 1596 τοῦ
623 1547 863 1611 λιβανίου.
907 1548 1044 1607 τίνας
1081 1545 1145 1596 ἂν
1183 1541 1286 1597 εἶπε
1325 1547 1501 1613 λόγους
1539 1545 1700 1613 πόρνη
1732 1560 1826 1596 σω-

136 1621 428 1688 φρονήσασα
462 1615 519 1689 (t.
545 1621 618 1669 IV
648 1639 696 1685 p.
725 1623 866 1670 1044
882 1615 949 1687 R)

249 1710 336 1753 τοῦ
368 1702 542 1753 αὐτοῦ·
575 1703 712 1763 τίνας
742 1701 805 1753 ἂν
835 1698 938 1754 εἷπε
970 1703 1144 1770 λόγους
1176 1702 1396 1770 ἀχιλλεὺς
1435 1702 1558 1769 ε’ρῶν
1597 1707 1826 1753 πενθεσι-

139 1779 270 1838 λείας
303 1776 418 1843 μετὰ
449 1777 672 1827 θάνατον
705 1774 763 1845 (t.
795 1779 869 1827 IV
899 1796 947 1842 p.
975 1780 1115 1829 1026
1135 1772 1202 1846 R)

249 1861 334 1909 fol.
372 1863 435 1909 11
478 1858 724 1909 ἐπιστολαὶ
764 1855 837 1930 (αὶ
865 1877 928 1910 ex
959 1859 990 1925 ἡ
1031 1877 1140 1911 corr
1169 1855 1265 1926 m²)
1307 1860 1578 1926 φαλάριδος
1617 1867 1704 1909 τοῦ
1742 1878 1826 1910 τυ-

136 1935 322 2002 ράννου
355 1928 456 2002 (ᾶον
479 1961 552 1968 -
576 1937 633 1999 ρζ
662 1935 758 1984 add
787 1929 883 2002 m²)

251 2018 345 2065 25¹⁷
376 2015 622 2066 ἐπιστολαὶ
652 2023 739 2066 τοῦ
782 2015 995 2083 ἐναγίοις
1033 2015 1217 2083 πατρὸς
1254 2013 1396 2080 ἡμῶν
1433 2017 1700 2083 γρηγορίου
1739 2024 1825 2067 τοῦ

135 2090 376 2157 θεολόγου
407 2089 531 2155 πρὸς
573 2090 869 2155 νικόβουλον
907 2089 1118 2153 ἀνεψιὸν
1158 2089 1334 2141 αὐτοῦς
1373 2091 1472 2140 Ine.
1503 2089 1825 2156 εὐμετοπώρω

135 2164 193 2214 τὰ
223 2163 361 2228 ἄνθη
395 2159 493 2232 (ep.
519 2165 614 2213 LII
638 2167 743 2224 (48)
778 2166 850 2214 ed.
878 2160 1112 2233 Caillau.)

250 2249 315 2388 3)1
355 2247 598 2312 βασίλειος
651 2247 879 2313 λιβανίωε
933 2246 1103 2297 πολλοὶ
1156 2247 1490 2313 περιτυχόντες
1538 2242 1636 2313 (ep.
1681 2248 1820 2296 1596

133 2322 277 2374 Wolf

248 2398 343 2444 31*
373 2394 594 2460 λιβάνιος
625 2396 872 2461 βασιλείωε
905 2395 1015 2445 ἰδοὺ
1046 2394 1284 2460 πέπομφα
1317 2390 1510 2463 (1597)

246 2470 488 2534 βασίλειος
519 2470 746 2534 λιβανίωι
778 2468 999 2536 ἀνέγνων
1029 2470 1115 2521 τὸν
1146 2469 1292 2535 λόγον
1324 2465 1518 2537 (1598)

245 2543 466 2608 λιβάνιος
498 2544 748 2608 βασιλείωτ
780 2552 875 2593 νῦν
907 2543 1064 2610 ἔγνων
1095 2539 1221 2593 εἶναι
1254 2537 1447 2611 (1599)

245 2617 487 2683 βασίλειος
520 2618 746 2682 λιβανίωε
779 2617 1056 2684 δεχομένοις
1088 2615 1176 2683 μὲν
1207 2615 1328 2682 ἡμῖν
1361 2611 1555 2685 (1601)

245 2691 465 2756 λιβάνιος
497 2692 746 2755 βασιλείωι
778 2686 874 2758 ἆρα
904 2693 1112 2758 βασίλειε
1145 2686 1340 2759 (1600)

246 2773 332 2815 τοῦ
365 2763 539 2815 αὐτοῦς
571 2765 633 2815 σὺ
658 2764 746 2830 μὲν
772 2765 892 2830 ὅλην
917 2761 1113 2834 (1604)
1138 2767 1235 2815 des.
1261 2767 1344 2815 fol.
1372 2768 1438 2815 32
1466 2766 1623 2834 λόγων
1646 2766 1820 2831 πηγάς.

248 2840 531 2903 Sequuntur
574 2841 689 2889 inde
736 2857 766 2890 a.
811 2843 933 2890 folio
971 2843 1037 2890 32
1092 2842 1346 2891 variorum
1399 2841 1640 2903 epistulae
1696 2845 1746 2888 et
1792 2857 1822 2889 a

136 2917 258 2967 folio
292 2917 359 2966 52
393 2931 547 2980 usque
581 2915 642 2966 ad
669 2917 763 2965 56v
787 2913 1030 2967 ἐπιστολαὶ
1056 2915 1310 2982 διάφοροιε
1343 2915 1395 2966 οἵ
1413 2912 1585 2983 ἀρετὰς
1609 2912 1820 2982 μετιέναι
