2010 3168
200 69 311 121 424
628 70 857 115 LIBANII
887 71 1276 117 DECLAMATIO
1308 72 1457 118 XXIII

199 213 316 268 ταῖς
356 204 573 259 ἐλπίσιν
611 206 713 259 ὅσα
759 207 866 260 ὑπὸ
905 215 1001 276 τῆς
1038 217 1149 262 τῶν
1188 207 1425 278 ἐχόντων
1467 208 1717 274 ἐξουσίας
1755 211 1887 279 ἠδυ-

198 294 378 363 νάμην
422 300 642 347 παθεῖν.
698 296 869 365 δεσμὰ
915 295 1300 366 περιέβλεπον,
1352 299 1553 367 αἰκίας,
1608 300 1886 366 βασάνους

197 382 425 451 ἁπάσας,
465 383 594 452 ξίφη
634 385 722 437 καὶ
764 386 1021 455 σαγάρεις
1059 387 1461 450 Μακεδονικάς.
1501 388 1603 456 τὴν
1641 392 1885 456 γλῶτταν

195 470 342 544 ᾤμην
389 471 693 536 ἀποκόψειν
746 475 854 543 μού
900 488 1039 527 τινα.
1094 475 1270 538 εὐθὺς
1317 471 1421 529 οὖν
1474 475 1622 529 ταῦτ’
1679 476 1887 531 ἐννοῶν

151 581 171 615 5
196 560 454 614 ἁπάντων
513 563 708 628 μεστὸς
768 557 838 631 ἦν
898 572 1011 617 τῶν
1063 573 1260 617 κακῶν.
1324 566 1499 634 φόβος
1554 562 1615 618 δὲ
1669 567 1886 630 πάθους

194 651 384 719 πείρας
422 651 823 720 χαλεπώτερος,
863 651 947 705 ὅτι
986 652 1046 705 τὸ
1086 649 1188 722 μὲν
1226 659 1432 706 παθεῖν
1479 655 1757 723 σύντομον
1796 653 1885 708 καὶ

196 734 267 791 δι’
314 736 491 802 ὀξείας
529 739 702 809 ῥοπῆς
739 741 986 809 παύεται,
1038 742 1099 794 τὸ
1141 741 1202 794 δὲ
1242 740 1365 804 δέος
1404 741 1465 795 ἐν
1503 751 1617 806 τοῖς
1656 742 1886 812 μέλλου-

197 841 288 881 σιν
319 827 768 898 ἐπαιωρούμενον
790 829 1133 899 μακροτέραν
1174 831 1439 900 λαμβάνει
1471 832 1572 900 τὴν
1603 837 1885 901 αἴσθησιν.

197 917 280 970 77.
320 915 411 970 καὶ
451 919 511 970 τὸ
547 917 649 986 μὲν
678 919 861 982 πάθος
894 917 1008 972 ἐστὶ
1042 921 1246 988 δεινόν,
1278 919 1471 991 φέρειν
1504 921 1565 974 δὲ
1595 922 1886 990 θαρρύνας

129 1027 171 1061 10
195 1004 433 1073 ἐμαυτὸν
479 1006 570 1059 καὶ
616 1009 754 1074 πρὸς
800 1008 901 1076 τὴν
948 1006 1187 1077 ἐμαυτοῦ
1230 1010 1415 1078 ψυχὴν
1463 1011 1653 1062 εἰπών·
1701 1008 1887 1079 Ἀθη-

193 1098 379 1158 ναῖός
433 1098 590 1165 εἰμι,
643 1096 1083 1166 Δημοσθένης
1137 1099 1283 1167 εἰμί.
1339 1099 1473 1167 ἄγε,
1529 1098 1609 1161 ὡς
1659 1099 1887 1169 εὐσχη-

193 1186 427 1254 μόνως,
483 1186 563 1248 ὡς
601 1190 826 1249 καλῶς.
882 1187 1080 1240 ἅπασι
1118 1187 1235 1256 μὲν
1273 1186 1653 1257 ἀνθρώποις
1693 1187 1886 1257 ἀναγ-

193 1282 382 1328 καῖον
449 1273 659 1342 τέλος,
730 1274 986 1328 ἀπειλεῖ
1043 1276 1156 1329 τὸν
1217 1276 1510 1329 θάνατον
1573 1275 1606 1344 ἡ
1662 1278 1886 1345 φύσις,

195 1361 326 1416 οὐδ’
374 1360 553 1418 ἔστιν
593 1363 963 1435 ἀποδρᾶναι
1000 1366 1116 1434 τὴν
1147 1366 1377 1434 κοινὴν
1412 1365 1703 1433 ἀνάγκην
1742 1365 1888 1419 οὐδ’

127 1472 169 1505 15
195 1450 264 1505 ἐν
315 1462 454 1516 τοῖς
508 1454 1028 1522 στεγανωτάτοις
1086 1453 1303 1524 ἕρκεσι
1365 1453 1885 1524 κατακεκρυμμέ-

193 1561 335 1610 νον,
385 1540 616 1612 πρέπει
665 1539 734 1595 δὲ
779 1553 923 1605 τοῖς.
964 1542 1244 1610 ἀγαθοῖς
1284 1542 1565 1612 ἀνδράσι
1614 1551 1724 1612 τῆς
1770 1541 1886 1613 μὲν

192 1629 443 1700 ὑψηλῆς
482 1629 748 1694 ἐλπίδος
786 1629 1082 1701 ἔχεσθαι,
1132 1631 1445 1701 δέχεσθαι
1486 1632 1554 1685 δὲ
1599 1631 1886 1699 ἀσμένως

194 1719 223 1771 ὅ
276 1738 461 1790 τιπερ
526 1720 602 1773 ἂν
665 1720 820 1790 δοκῇ
882 1726 964 1791 τῷ
1019 1725 1167 1792 θεῷ,
1221 1727 1447 1774 τοιαῦτα
1501 1722 1886 1790 φιλοσοφήσας

106 1813 225 1856 RIV
247 1818 332 1858 317
378 1810 526 1878 παρὰ
563 1809 660 1862 τὸν
695 1806 701 1879 Ι
743 1810 1021 1862 Φίλιππον
1061 1809 1231 1862 αὐτὸν
1270 1811 1580 1879 εἰσηγόμην.

315 1944 340 1982 3
374 1939 432 1984 of.
464 1940 498 1983 t.
522 1939 586 1983 IV
611 1944 785 1996 242,10
814 1942 820 1997 ι
849 1939 905 1983 cf.
938 1955 981 1996 p.
1007 1945 1108 1994 427,
1129 1944 1182 1983 15

320 2063 342 2101 1
375 2065 467 2103 τῶν
500 2072 574 2102 om
599 2059 645 2102 P
672 2058 774 2102 Mor
910 2063 935 2102 3
969 2058 1184 2116 σαγάρεις
1214 2059 1258 2102 V
1285 2059 1365 2103 sed
1399 2075 1464 2110 εις
1494 2059 1543 2102 in
1575 2075 1656 2109 ους
1687 2072 1787 2102 corr
1816 2058 1887 2102 m²

314 2122 341 2161 4
372 2116 618 2174 ἀποκόψαι
643 2118 733 2160 Μα
770 2118 776 2174 Ι
812 2117 900 2174 μού
933 2132 1008 2161 om
1033 2120 1131 2163 Par
1165 2119 1171 2175 1
1208 2117 1340 2170 τινάς
1363 2119 1420 2162 H
1426 2119 1611 2162 VBPar
1638 2120 1643 2172 Ι
1670 2125 1815 2162 ταῦτα
1849 2119 1892 2163 V

197 2178 334 2221 MaP
355 2176 446 2220 edd
567 2181 593 2220 8
618 2176 973 2233 ἐπηωρούμενον
991 2179 1097 2223 HV
1151 2177 1535 2233 ἀπαιωρούμενον
1553 2179 1653 2222 Par
1679 2180 1685 2233 Ι
1712 2176 1883 2251 λαμβά-

195 2253 265 2280 νει
288 2235 373 2292 τήν
397 2234 621 2293 αἴσθησιν
647 2235 811 2292 scripsi
835 2249 891 2279 cx
915 2237 972 2279 H
978 2237 1243 2281 VVaBPar
1302 2236 1386 2293 τὴν
1415 2235 1637 2293 αἴσθησιν
1661 2238 1750 2291 λαμ
1782 2252 1885 2280 ανει

196 2297 333 2340 ΜαΡ
354 2295 445 2338 cdd
566 2299 591 2338 9
616 2295 697 2339 καὶ
722 2309 797 2339 om
817 2295 874 2339 H
896 2298 902 2352 Ι
931 2295 1024 2339 ἔστι
1041 2297 1235 2340 BParP
1294 2295 1335 2339 εἰ
1359 2296 1464 2339 coni
1480 2295 1642 2339 Iacobs
1660 2295 1733 2337 Ad
1784 2300 1884 2350 269,

254 2354 297 2398 εἰ
322 2354 402 2398 καὶ
426 2354 529 2410 App
554 2353 666 2398 Pors
692 2358 776 2398 326
809 2354 922 2398 Lech
948 2359 1030 2398 109
1063 2355 1162 2398 Rev
1188 2359 1213 2397 6
1241 2354 1248 2413 Ι
1277 2352 1409 2410 φέρει
1427 2356 1516 2398 Ma
1541 2356 1548 2411 Ι
1576 2353 1643 2412 δὲ]
1678 2355 1752 2398 δεῖ
1780 2355 1885 2399 coni

194 2413 356 2457 Iacobs
419 2411 468 2458 δὲ
495 2412 674 2470 ἀνάγκη
700 2413 804 2458 coni
821 2414 888 2457 Re
916 2417 922 2468 1
948 2413 1172 2468 θαρρύνω
1190 2415 1236 2458 Ρ
1257 2414 1358 2458 Mor
1384 2415 1391 2470 Ι
1420 2411 1502 2458 οὖν
1519 2415 1625 2468 post
1641 2413 1884 2468 θαρρύνας

194 2472 491 2516 inserendum
509 2472 614 2516 coni
630 2472 697 2515 Re
714 2472 876 2517 Iacobs
902 2474 1006 2529 App
1023 2473 1150 2526 Fors,
1169 2470 1212 2517 δ’
1231 2472 1393 2517 Iacobs
1410 2473 1517 2516 Add
1540 2473 1652 2516 Lech
1667 2472 1767 2516 Rev

197 2537 250 2576 11
278 2531 390 2590 εἰμι]
409 2530 549 2576 εἰπὼν
575 2531 644 2575 Va
706 2528 750 2574 εἷ
764 2532 863 2575 Par
890 2534 895 2588 Ι
923 2530 1230 2588 Δημοσθένης
1253 2532 1345 2588 εἰμι
1368 2533 1531 2588 postea
1554 2531 1678 2576 inser
1700 2533 1745 2575 B
1807 2545 1883 2575 om

205 2592 375 2635 VaPar
497 2595 550 2634 13
583 2589 892 2635 ἀθάνατονΡ
921 2591 1004 2634 sed.
1035 2592 1065 2634 ἀ
1099 2590 1175 2634 del
1204 2590 1275 2633 m²
1396 2595 1451 2634 14
1483 2589 1622 2635 οὐδέν
1648 2590 1769 2634 ἐστιν
1794 2592 1884 2634 Μα

199 2649 205 2709 ι
240 2648 509 2704 ἀποδράναι
538 2648 650 2693 libri
675 2649 765 2692 edd
790 2649 847 2693 cf.
873 2652 905 2692 t.
931 2649 996 2692 IV
1020 2654 1121 2704 376,
1141 2654 1163 2692 7
1193 2651 1199 2706 Ι
1228 2647 1333 2694 οὐδ’
1370 2650 1438 2708 ἐν]
1472 2649 1581 2694 οὐδὲ
1605 2651 1658 2693 H
1668 2650 1884 2694 VVaPar

317 2713 372 2752 15
405 2714 705 2764 στεγανωτοῖς
735 2708 837 2751 Mor
981 2713 1035 2752 16
1078 2708 1245 2764 πρέπει
1269 2736 1325 2741 —-
1351 2713 1405 2752 18
1431 2712 1526 2767 θεῷ
1559 2707 1675 2751 citat
1713 2708 1882 2752 omissa

196 2767 429 2823 particula
461 2767 512 2812 δὲ
543 2767 774 2810 Macarius
806 2767 873 2810 fol
897 2771 978 2810 82³⁷
1026 2770 1033 2823 1
1084 2769 1271 2824 ἀληθῶς
1302 2768 1461 2811 Macar
1604 2772 1656 2810 17
1698 2769 1882 2821 „malim

197 2824 422 2883 ὑψίστης“
453 2826 522 2870 Re
548 2828 556 2882 1
584 2825 790 2881 ἀσμένως
822 2826 987 2883 scripsi
1020 2826 1111 2871 coll
1141 2841 1185 2884 p.
1213 2831 1312 2883 377,
1331 2833 1355 2869 2
1419 2827 1616 2885 εὐμενῶς
1646 2826 1755 2870 libri
1791 2826 1882 2871 edd

318 2890 370 2929 19
403 2885 509 2941 περὶ
542 2887 802 2932 VaParMa
