<?xml version="1.0" encoding="UTF-8"?>
<!DOCTYPE html PUBLIC "-//W3C//DTD XHTML 1.0 Transitional//EN"
    "http://www.w3.org/TR/xhtml1/DTD/xhtml1-transitional.dtd">
<html xmlns="http://www.w3.org/1999/xhtml" xml:lang="en" lang="en">
 <head>
  <title>
</title>
<meta http-equiv="Content-Type" content="text/html;charset=utf-8" />
  <meta name='ocr-system' content='tesseract 3.04.00' />
  <meta name='ocr-capabilities' content='ocr_page ocr_carea ocr_par ocr_line ocrx_word'/>
</head>
<body>
  <div class='ocr_page' id='page_1' title='image "./operarecensuitri06libauoft_0599.png"; bbox 0 0 2010 3168; ppageno 0'>
   <div class='ocr_carea' id='block_1_1' title="bbox 127 115 1818 170">
    <p class='ocr_par' dir='ltr' id='par_1_1' title="bbox 127 115 1818 170">
     <span class='ocr_line' id='line_1_1' title="bbox 127 115 1818 170; baseline 0.001 -10"><span class='ocrx_word' id='word_1_1' title='bbox 127 116 414 161; x_wconf 84' lang='lat' dir='ltr'><strong>PARASITI</strong></span> <span class='ocrx_word' id='word_1_2' title='bbox 444 116 525 160; x_wconf 89' lang='lat' dir='ltr'>DE</span> <span class='ocrx_word' id='word_1_3' title='bbox 556 115 796 161; x_wconf 88' lang='lat' dir='ltr'>DOMINO</span> <span class='ocrx_word' id='word_1_4' title='bbox 828 115 1332 161; x_wconf 87' lang='lat' dir='ltr'><strong>PHILOSOPHANTE</strong></span> <span class='ocrx_word' id='word_1_5' title='bbox 1366 116 1650 170; x_wconf 84' lang='lat' dir='ltr'><strong>QUERELA</strong></span> <span class='ocrx_word' id='word_1_6' title='bbox 1711 117 1818 169; x_wconf 82' lang='lat'>591</span> 
     </span>
    </p>
   </div>
   <div class='ocr_carea' id='block_1_2' title="bbox 127 256 1824 601">
    <p class='ocr_par' dir='ltr' id='par_1_2' title="bbox 127 256 1823 468">
     <span class='ocr_line' id='line_1_2' title="bbox 231 256 1823 320; baseline 0.001 -16"><span class='ocrx_word' id='word_1_7' title='bbox 231 258 307 304; x_wconf 81' lang='lat' dir='ltr'>Ex</span> <span class='ocrx_word' id='word_1_8' title='bbox 335 257 413 304; x_wconf 88' lang='lat' dir='ltr'>his</span> <span class='ocrx_word' id='word_1_9' title='bbox 445 272 572 319; x_wconf 90' lang='lat' dir='ltr'>quos</span> <span class='ocrx_word' id='word_1_10' title='bbox 604 258 656 306; x_wconf 86' lang='lat' dir='ltr'>in</span> <span class='ocrx_word' id='word_1_11' title='bbox 689 271 894 305; x_wconf 88' lang='lat' dir='ltr'>censum</span> <span class='ocrx_word' id='word_1_12' title='bbox 917 256 1165 305; x_wconf 87' lang='lat' dir='ltr'>vocandos</span> <span class='ocrx_word' id='word_1_13' title='bbox 1191 272 1294 305; x_wconf 89' lang='lat' dir='ltr'>esse</span> <span class='ocrx_word' id='word_1_14' title='bbox 1323 257 1440 304; x_wconf 85' lang='lat' dir='ltr'>duxi</span> <span class='ocrx_word' id='word_1_15' title='bbox 1465 258 1654 306; x_wconf 90' lang='lat' dir='ltr'>codices</span> <span class='ocrx_word' id='word_1_16' title='bbox 1678 259 1823 320; x_wconf 85' lang='lat' dir='ltr'>quin-</span> 
     </span>
     <span class='ocr_line' id='line_1_3' title="bbox 128 330 1820 393; baseline 0.001 -15"><span class='ocrx_word' id='word_1_17' title='bbox 128 347 223 393; x_wconf 87' lang='lat' dir='ltr'>que</span> <span class='ocrx_word' id='word_1_18' title='bbox 259 331 584 380; x_wconf 80' lang='lat' dir='ltr'>HVGLaMa</span> <span class='ocrx_word' id='word_1_19' title='bbox 614 346 783 380; x_wconf 89' lang='lat' dir='ltr'>rursus</span> <span class='ocrx_word' id='word_1_20' title='bbox 813 332 867 379; x_wconf 92' lang='lat' dir='ltr'>in</span> <span class='ocrx_word' id='word_1_21' title='bbox 899 331 1022 379; x_wconf 89' lang='lat' dir='ltr'>duas</span> <span class='ocrx_word' id='word_1_22' title='bbox 1055 330 1314 379; x_wconf 86' lang='lat' dir='ltr'>discedunt</span> <span class='ocrx_word' id='word_1_23' title='bbox 1344 330 1578 392; x_wconf 74' lang='lat' dir='ltr'><strong>familias,</strong></span> <span class='ocrx_word' id='word_1_24' title='bbox 1610 345 1820 393; x_wconf 86' lang='lat' dir='ltr'>quarum</span> 
     </span>
     <span class='ocr_line' id='line_1_4' title="bbox 127 404 1463 468; baseline 0 -16"><span class='ocrx_word' id='word_1_25' title='bbox 127 407 263 468; x_wconf 89' lang='lat' dir='ltr'>prior</span> <span class='ocrx_word' id='word_1_26' title='bbox 295 404 540 453; x_wconf 81' lang='lat' dir='ltr'>codicibus</span> <span class='ocrx_word' id='word_1_27' title='bbox 572 406 632 453; x_wconf 92' lang='lat' dir='ltr'><em>H</em></span> <span class='ocrx_word' id='word_1_28' title='bbox 640 404 736 465; x_wconf 79' lang='lat' dir='ltr'>VO,</span> <span class='ocrx_word' id='word_1_29' title='bbox 769 404 927 453; x_wconf 88' lang='lat' dir='ltr'>altera</span> <span class='ocrx_word' id='word_1_30' title='bbox 958 405 1137 453; x_wconf 85' lang='lat' dir='ltr'>LaMa</span> <span class='ocrx_word' id='word_1_31' title='bbox 1169 406 1463 454; x_wconf 76' lang='lat' dir='ltr'>continetur.</span> 
     </span>
    </p>

    <p class='ocr_par' dir='ltr' id='par_1_3' title="bbox 128 478 1824 601">
     <span class='ocr_line' id='line_1_5' title="bbox 240 478 1824 542; baseline 0.001 -16"><span class='ocrx_word' id='word_1_32' title='bbox 240 479 500 528; x_wconf 79' lang='lat' dir='ltr'>Rationem</span> <span class='ocrx_word' id='word_1_33' title='bbox 547 495 663 527; x_wconf 86' lang='lat' dir='ltr'>vero</span> <span class='ocrx_word' id='word_1_34' title='bbox 711 494 838 541; x_wconf 89' lang='lat' dir='ltr'>quae</span> <span class='ocrx_word' id='word_1_35' title='bbox 888 478 1019 527; x_wconf 88' lang='lat' dir='ltr'>inter</span> <span class='ocrx_word' id='word_1_36' title='bbox 1061 479 1282 542; x_wconf 86' lang='lat' dir='ltr'>singulos</span> <span class='ocrx_word' id='word_1_37' title='bbox 1326 479 1516 528; x_wconf 90' lang='lat' dir='ltr'>codices</span> <span class='ocrx_word' id='word_1_38' title='bbox 1559 480 1824 528; x_wconf 82' lang='lat' dir='ltr'>intercedit</span> 
     </span>
     <span class='ocr_line' id='line_1_6' title="bbox 128 552 787 601; baseline 0.002 -2"><span class='ocrx_word' id='word_1_39' title='bbox 128 554 220 601; x_wconf 90' lang='lat' dir='ltr'>hoc</span> <span class='ocrx_word' id='word_1_40' title='bbox 250 552 344 600; x_wconf 91' lang='lat' dir='ltr'>tibi</span> <span class='ocrx_word' id='word_1_41' title='bbox 373 552 547 600; x_wconf 83' lang='lat' dir='ltr'>reddet</span> <span class='ocrx_word' id='word_1_42' title='bbox 578 555 787 601; x_wconf 84' lang='lat' dir='ltr'>stemma</span> 
     </span>
    </p>
   </div>
   <div class='ocr_carea' id='block_1_3' title="bbox 671 932 1165 1170">
    <p class='ocr_par' dir='ltr' id='par_1_4' title="bbox 671 932 1165 1170">
     <span class='ocr_line' id='line_1_7' title="bbox 671 932 1165 1170; baseline -0.01 0"><span class='ocrx_word' id='word_1_43' title='bbox 671 947 1004 1170; x_wconf 43' lang='lat' dir='ltr'>‘Q</span> <span class='ocrx_word' id='word_1_44' title='bbox 1075 932 1165 1100; x_wconf 53' lang='grc' dir='ltr'><em>Α</em></span> 
     </span>
    </p>
   </div>
   <div class='ocr_carea' id='block_1_4' title="bbox 618 1181 1334 1227">
    <p class='ocr_par' dir='ltr' id='par_1_5' title="bbox 618 1181 1334 1227">
     <span class='ocr_line' id='line_1_8' title="bbox 618 1181 1334 1227; baseline 0 -3"><span class='ocrx_word' id='word_1_45' title='bbox 618 1181 661 1224; x_wconf 94' lang='grc' dir='ltr'><strong>Η</strong></span> <span class='ocrx_word' id='word_1_46' title='bbox 821 1182 863 1227; x_wconf 90' lang='lat' dir='ltr'><strong>V</strong></span> <span class='ocrx_word' id='word_1_47' title='bbox 986 1181 1018 1226; x_wconf 89' lang='lat' dir='ltr'>C</span> <span class='ocrx_word' id='word_1_48' title='bbox 1256 1182 1334 1225; x_wconf 87' lang='lat' dir='ltr'>Ma</span> 
     </span>
    </p>
   </div>
   <div class='ocr_carea' id='block_1_5' title="bbox 132 1336 1828 2366">
    <p class='ocr_par' dir='ltr' id='par_1_6' title="bbox 132 1336 1827 1606">
     <span class='ocr_line' id='line_1_9' title="bbox 243 1336 1826 1400; baseline 0.002 -17"><span class='ocrx_word' id='word_1_49' title='bbox 243 1336 390 1385; x_wconf 86' lang='lat' dir='ltr'>Fides</span> <span class='ocrx_word' id='word_1_50' title='bbox 424 1352 522 1398; x_wconf 85' lang='lat' dir='ltr'>qua</span> <span class='ocrx_word' id='word_1_51' title='bbox 553 1340 765 1400; x_wconf 86' lang='lat' dir='ltr'>utraque</span> <span class='ocrx_word' id='word_1_52' title='bbox 797 1338 991 1386; x_wconf 87' lang='lat' dir='ltr'>familia</span> <span class='ocrx_word' id='word_1_53' title='bbox 1020 1338 1237 1386; x_wconf 88' lang='lat' dir='ltr'>codicem</span> <span class='ocrx_word' id='word_1_54' title='bbox 1261 1338 1586 1400; x_wconf 80' lang='lat' dir='ltr'>archetypum</span> <span class='ocrx_word' id='word_1_55' title='bbox 1609 1338 1826 1386; x_wconf 88' lang='lat' dir='ltr'>reddidit</span> 
     </span>
     <span class='ocr_line' id='line_1_10' title="bbox 132 1410 1827 1476; baseline 0.002 -20"><span class='ocrx_word' id='word_1_56' title='bbox 132 1411 233 1458; x_wconf 87' lang='lat' dir='ltr'>fere</span> <span class='ocrx_word' id='word_1_57' title='bbox 265 1426 356 1472; x_wconf 87' lang='lat' dir='ltr'>par</span> <span class='ocrx_word' id='word_1_58' title='bbox 388 1413 474 1459; x_wconf 87' lang='lat' dir='ltr'>est.</span> <span class='ocrx_word' id='word_1_59' title='bbox 538 1410 635 1459; x_wconf 86' lang='lat' dir='ltr'>Sed</span> <span class='ocrx_word' id='word_1_60' title='bbox 666 1411 903 1474; x_wconf 90' lang='lat' dir='ltr'>quoniam</span> <span class='ocrx_word' id='word_1_61' title='bbox 940 1413 982 1461; x_wconf 90' lang='lat' dir='ltr'>is</span> <span class='ocrx_word' id='word_1_62' title='bbox 1022 1413 1123 1460; x_wconf 89' lang='lat' dir='ltr'>iam</span> <span class='ocrx_word' id='word_1_63' title='bbox 1164 1413 1307 1476; x_wconf 87' lang='lat' dir='ltr'>gravi</span> <span class='ocrx_word' id='word_1_64' title='bbox 1336 1412 1448 1460; x_wconf 89' lang='lat' dir='ltr'>labe</span> <span class='ocrx_word' id='word_1_65' title='bbox 1481 1412 1827 1475; x_wconf 87' lang='lat' dir='ltr'>imprimisque</span> 
     </span>
     <span class='ocr_line' id='line_1_11' title="bbox 133 1484 1823 1546; baseline 0.001 -15"><span class='ocrx_word' id='word_1_66' title='bbox 133 1484 560 1546; x_wconf 85' lang='lat' dir='ltr'>interpolamentis</span> <span class='ocrx_word' id='word_1_67' title='bbox 593 1485 796 1534; x_wconf 87' lang='lat' dir='ltr'>affectus</span> <span class='ocrx_word' id='word_1_68' title='bbox 821 1488 942 1546; x_wconf 83' lang='lat' dir='ltr'>erat,</span> <span class='ocrx_word' id='word_1_69' title='bbox 972 1486 1105 1534; x_wconf 90' lang='lat' dir='ltr'>haud</span> <span class='ocrx_word' id='word_1_70' title='bbox 1138 1486 1287 1535; x_wconf 90' lang='lat' dir='ltr'>semel</span> <span class='ocrx_word' id='word_1_71' title='bbox 1318 1502 1493 1534; x_wconf 90' lang='lat' dir='ltr'>manus</span> <span class='ocrx_word' id='word_1_72' title='bbox 1517 1487 1708 1534; x_wconf 88' lang='lat' dir='ltr'>medica</span> <span class='ocrx_word' id='word_1_73' title='bbox 1741 1486 1823 1534; x_wconf 90' lang='lat' dir='ltr'>ad-</span> 
     </span>
     <span class='ocr_line' id='line_1_12' title="bbox 132 1558 497 1606; baseline 0.003 -1"><span class='ocrx_word' id='word_1_74' title='bbox 132 1558 378 1606; x_wconf 85' lang='lat' dir='ltr'>movenda</span> <span class='ocrx_word' id='word_1_75' title='bbox 410 1560 497 1606; x_wconf 88' lang='lat' dir='ltr'>est.</span> 
     </span>
    </p>

    <p class='ocr_par' dir='ltr' id='par_1_7' title="bbox 132 1632 1828 1847">
     <span class='ocr_line' id='line_1_13' title="bbox 244 1632 1828 1696; baseline 0.002 -17"><span class='ocrx_word' id='word_1_76' title='bbox 244 1632 547 1680; x_wconf 87' lang='lat' dir='ltr'>Testimonia</span> <span class='ocrx_word' id='word_1_77' title='bbox 572 1633 765 1695; x_wconf 83' lang='lat' dir='ltr'>desunt,</span> <span class='ocrx_word' id='word_1_78' title='bbox 790 1634 832 1681; x_wconf 90' lang='lat' dir='ltr'>si</span> <span class='ocrx_word' id='word_1_79' title='bbox 865 1635 1047 1696; x_wconf 87' lang='lat' dir='ltr'>excipis</span> <span class='ocrx_word' id='word_1_80' title='bbox 1079 1650 1235 1681; x_wconf 92' lang='lat' dir='ltr'>unum</span> <span class='ocrx_word' id='word_1_81' title='bbox 1267 1635 1431 1682; x_wconf 91' lang='lat' dir='ltr'>locum</span> <span class='ocrx_word' id='word_1_82' title='bbox 1473 1651 1617 1696; x_wconf 91' lang='lat' dir='ltr'>quem</span> <span class='ocrx_word' id='word_1_83' title='bbox 1650 1638 1828 1682; x_wconf 82' lang='lat' dir='ltr'>auctor</span> 
     </span>
     <span class='ocr_line' id='line_1_14' title="bbox 132 1706 1827 1772; baseline 0.001 -19"><span class='ocrx_word' id='word_1_84' title='bbox 132 1706 293 1754; x_wconf 87' lang='lat' dir='ltr'>libelli</span> <span class='ocrx_word' id='word_1_85' title='bbox 324 1706 383 1754; x_wconf 90' lang='lat' dir='ltr'>de</span> <span class='ocrx_word' id='word_1_86' title='bbox 417 1709 780 1756; x_wconf 87' lang='lat' dir='ltr'>constructione</span> <span class='ocrx_word' id='word_1_87' title='bbox 819 1708 1080 1756; x_wconf 86' lang='lat' dir='ltr'>verborum</span> <span class='ocrx_word' id='word_1_88' title='bbox 1113 1724 1138 1755; x_wconf 92' lang='lat' dir='ltr'>e</span> <span class='ocrx_word' id='word_1_89' title='bbox 1170 1708 1335 1756; x_wconf 89' lang='lat' dir='ltr'>codice</span> <span class='ocrx_word' id='word_1_90' title='bbox 1375 1709 1669 1772; x_wconf 87' lang='lat' dir='ltr'>Augustano</span> <span class='ocrx_word' id='word_1_91' title='bbox 1702 1708 1827 1756; x_wconf 87' lang='lat' dir='ltr'>editi</span> 
     </span>
     <span class='ocr_line' id='line_1_15' title="bbox 134 1776 1824 1847; baseline 0.002 -19"><span class='ocrx_word' id='word_1_92' title='bbox 134 1796 163 1828; x_wconf 87' lang='lat' dir='ltr'>a</span> <span class='ocrx_word' id='word_1_93' title='bbox 188 1779 243 1828; x_wconf 81' lang='lat' dir='ltr'>G.</span> <span class='ocrx_word' id='word_1_94' title='bbox 268 1779 552 1829; x_wconf 88' lang='lat' dir='ltr'>Hermanno</span> <span class='ocrx_word' id='word_1_95' title='bbox 578 1781 636 1828; x_wconf 90' lang='lat' dir='ltr'>de</span> <span class='ocrx_word' id='word_1_96' title='bbox 666 1782 852 1831; x_wconf 88' lang='lat' dir='ltr'>emend.</span> <span class='ocrx_word' id='word_1_97' title='bbox 877 1784 970 1830; x_wconf 86' lang='lat' dir='ltr'>rat.</span> <span class='ocrx_word' id='word_1_98' title='bbox 996 1798 1201 1844; x_wconf 87' lang='lat' dir='ltr'>gramm.</span> <span class='ocrx_word' id='word_1_99' title='bbox 1225 1798 1272 1844; x_wconf 89' lang='lat' dir='ltr'>p.</span> <span class='ocrx_word' id='word_1_100' title='bbox 1301 1783 1422 1843; x_wconf 85' lang='lat'><strong>376,</strong></span> <span class='ocrx_word' id='word_1_101' title='bbox 1443 1784 1506 1830; x_wconf 84' lang='lat'>21</span> <span class='ocrx_word' id='word_1_102' title='bbox 1536 1776 1824 1847; x_wconf 82' lang='lat' dir='ltr'>laudavit.¹)</span> 
     </span>
    </p>

    <p class='ocr_par' dir='ltr' id='par_1_8' title="bbox 133 1854 1825 2366">
     <span class='ocr_line' id='line_1_16' title="bbox 244 1854 1825 1918; baseline 0.001 -17"><span class='ocrx_word' id='word_1_103' title='bbox 244 1854 553 1903; x_wconf 83' lang='lat' dir='ltr'>Declamatio</span> <span class='ocrx_word' id='word_1_104' title='bbox 585 1856 638 1903; x_wconf 93' lang='lat' dir='ltr'>in</span> <span class='ocrx_word' id='word_1_105' title='bbox 661 1855 820 1904; x_wconf 91' lang='lat' dir='ltr'>lucem</span> <span class='ocrx_word' id='word_1_106' title='bbox 845 1858 1101 1918; x_wconf 89' lang='lat' dir='ltr'>protracta</span> <span class='ocrx_word' id='word_1_107' title='bbox 1125 1859 1200 1904; x_wconf 84' lang='lat' dir='ltr'>cst</span> <span class='ocrx_word' id='word_1_108' title='bbox 1223 1871 1351 1904; x_wconf 87' lang='lat' dir='ltr'>anno</span> <span class='ocrx_word' id='word_1_109' title='bbox 1380 1858 1518 1904; x_wconf 87' lang='lat'>1517</span> <span class='ocrx_word' id='word_1_110' title='bbox 1556 1856 1825 1904; x_wconf 86' lang='lat' dir='ltr'>editione</span> 
     </span>
     <span class='ocr_line' id='line_1_17' title="bbox 133 1922 1822 1997; baseline 0.001 -22"><span class='ocrx_word' id='word_1_111' title='bbox 133 1928 512 1976; x_wconf 86' lang='lat' dir='ltr'>Ferrariensi</span> <span class='ocrx_word' id='word_1_112' title='bbox 552 1922 646 1995; x_wconf 92' lang='lat'>(=</span> <span class='ocrx_word' id='word_1_113' title='bbox 671 1923 814 1997; x_wconf 84' lang='lat' dir='ltr'>Ferr)</span> <span class='ocrx_word' id='word_1_114' title='bbox 854 1930 940 1978; x_wconf 87' lang='lat' dir='ltr'>fol.</span> <span class='ocrx_word' id='word_1_115' title='bbox 977 1931 1331 1978; x_wconf 50' lang='grc' dir='ltr'>136γ-14Ογ</span> <span class='ocrx_word' id='word_1_116' title='bbox 1370 1945 1497 1992; x_wconf 90' lang='lat' dir='ltr'>quae</span> <span class='ocrx_word' id='word_1_117' title='bbox 1538 1947 1562 1977; x_wconf 91' lang='lat' dir='ltr'>e</span> <span class='ocrx_word' id='word_1_118' title='bbox 1602 1930 1822 1978; x_wconf 87' lang='lat' dir='ltr'>Wolfen-</span> 
     </span>
     <span class='ocr_line' id='line_1_18' title="bbox 133 1997 1825 2070; baseline 0.002 -22"><span class='ocrx_word' id='word_1_119' title='bbox 133 2002 390 2050; x_wconf 83' lang='lat' dir='ltr'>buttelano</span> <span class='ocrx_word' id='word_1_120' title='bbox 423 2002 588 2051; x_wconf 87' lang='lat' dir='ltr'>codice</span> <span class='ocrx_word' id='word_1_121' title='bbox 618 2003 799 2066; x_wconf 89' lang='lat' dir='ltr'>prioris</span> <span class='ocrx_word' id='word_1_122' title='bbox 829 2004 1049 2052; x_wconf 86' lang='lat' dir='ltr'>familiae</span> <span class='ocrx_word' id='word_1_123' title='bbox 1072 1997 1283 2070; x_wconf 75' lang='lat' dir='ltr'>fluxit.2)</span> <span class='ocrx_word' id='word_1_124' title='bbox 1338 2004 1482 2053; x_wconf 88' lang='lat' dir='ltr'>Hanc</span> <span class='ocrx_word' id='word_1_125' title='bbox 1504 2005 1703 2052; x_wconf 89' lang='lat' dir='ltr'>unicum</span> <span class='ocrx_word' id='word_1_126' title='bbox 1729 2004 1825 2052; x_wconf 89' lang='lat' dir='ltr'>sibi</span> 
     </span>
     <span class='ocr_line' id='line_1_19' title="bbox 137 2075 1823 2140; baseline 0.002 -17"><span class='ocrx_word' id='word_1_127' title='bbox 137 2075 408 2124; x_wconf 89' lang='lat' dir='ltr'>subsidium</span> <span class='ocrx_word' id='word_1_128' title='bbox 440 2076 590 2126; x_wconf 88' lang='lat' dir='ltr'>fuisse</span> <span class='ocrx_word' id='word_1_129' title='bbox 621 2080 838 2127; x_wconf 88' lang='lat' dir='ltr'>testatus</span> <span class='ocrx_word' id='word_1_130' title='bbox 868 2078 1119 2126; x_wconf 90' lang='lat' dir='ltr'>nonnullis</span> <span class='ocrx_word' id='word_1_131' title='bbox 1158 2095 1335 2140; x_wconf 87' lang='lat' dir='ltr'>parum</span> <span class='ocrx_word' id='word_1_132' title='bbox 1373 2078 1599 2127; x_wconf 88' lang='lat' dir='ltr'>felicibus</span> <span class='ocrx_word' id='word_1_133' title='bbox 1635 2080 1823 2126; x_wconf 87' lang='lat' dir='ltr'>coniec-</span> 
     </span>
     <span class='ocr_line' id='line_1_20' title="bbox 138 2148 1822 2215; baseline 0.001 -18"><span class='ocrx_word' id='word_1_134' title='bbox 138 2149 264 2198; x_wconf 87' lang='lat' dir='ltr'>turis</span> <span class='ocrx_word' id='word_1_135' title='bbox 296 2150 376 2198; x_wconf 88' lang='lat' dir='ltr'>vel</span> <span class='ocrx_word' id='word_1_136' title='bbox 406 2151 623 2215; x_wconf 87' lang='lat' dir='ltr'>margini</span> <span class='ocrx_word' id='word_1_137' title='bbox 654 2151 885 2200; x_wconf 89' lang='lat' dir='ltr'>editionis</span> <span class='ocrx_word' id='word_1_138' title='bbox 927 2152 1167 2214; x_wconf 86' lang='lat' dir='ltr'>appositis</span> <span class='ocrx_word' id='word_1_139' title='bbox 1198 2152 1278 2200; x_wconf 86' lang='lat' dir='ltr'>vel</span> <span class='ocrx_word' id='word_1_140' title='bbox 1312 2154 1365 2200; x_wconf 90' lang='lat' dir='ltr'>in</span> <span class='ocrx_word' id='word_1_141' title='bbox 1399 2148 1616 2200; x_wconf 78' lang='lat' dir='ltr'>‘Notatis</span> <span class='ocrx_word' id='word_1_142' title='bbox 1649 2151 1711 2199; x_wconf 90' lang='lat' dir='ltr'>ad</span> <span class='ocrx_word' id='word_1_143' title='bbox 1741 2152 1822 2199; x_wconf 90' lang='lat' dir='ltr'>Li·</span> 
     </span>
     <span class='ocr_line' id='line_1_21' title="bbox 136 2219 1824 2292; baseline 0.002 -22"><span class='ocrx_word' id='word_1_144' title='bbox 136 2219 356 2272; x_wconf 88' lang='lat' dir='ltr'>banium&#39;</span> <span class='ocrx_word' id='word_1_145' title='bbox 381 2224 414 2270; x_wconf 84' lang='lat' dir='ltr'>f.</span> <span class='ocrx_word' id='word_1_146' title='bbox 438 2223 511 2271; x_wconf 88' lang='lat' dir='ltr'>VI</span> <span class='ocrx_word' id='word_1_147' title='bbox 544 2227 590 2272; x_wconf 88' lang='lat' dir='ltr'>ei</span> <span class='ocrx_word' id='word_1_148' title='bbox 620 2219 957 2292; x_wconf 77' lang='lat' dir='ltr'>praemissis³)</span> <span class='ocrx_word' id='word_1_149' title='bbox 982 2226 1084 2274; x_wconf 91' lang='lat' dir='ltr'>fere</span> <span class='ocrx_word' id='word_1_150' title='bbox 1115 2226 1351 2288; x_wconf 84' lang='lat' dir='ltr'>repetivit</span> <span class='ocrx_word' id='word_1_151' title='bbox 1382 2226 1511 2273; x_wconf 84' lang='lat' dir='ltr'>Fed.</span> <span class='ocrx_word' id='word_1_152' title='bbox 1536 2225 1824 2274; x_wconf 87' lang='lat' dir='ltr'>Morellus</span> 
     </span>
     <span class='ocr_line' id='line_1_22' title="bbox 135 2294 1201 2366; baseline 0.004 -22"><span class='ocrx_word' id='word_1_153' title='bbox 135 2297 242 2345; x_wconf 90' lang='lat' dir='ltr'>Lib.</span> <span class='ocrx_word' id='word_1_154' title='bbox 276 2313 388 2359; x_wconf 89' lang='lat' dir='ltr'>opp.</span> <span class='ocrx_word' id='word_1_155' title='bbox 420 2300 455 2345; x_wconf 88' lang='lat' dir='ltr'>t.</span> <span class='ocrx_word' id='word_1_156' title='bbox 480 2297 504 2345; x_wconf 96' lang='lat' dir='ltr'>I</span> <span class='ocrx_word' id='word_1_157' title='bbox 535 2315 580 2360; x_wconf 88' lang='lat' dir='ltr'>p.</span> <span class='ocrx_word' id='word_1_158' title='bbox 609 2301 898 2348; x_wconf 85' lang='lat'><strong>377—385</strong></span> <span class='ocrx_word' id='word_1_159' title='bbox 934 2294 1028 2366; x_wconf 93' lang='lat'>(=</span> <span class='ocrx_word' id='word_1_160' title='bbox 1053 2294 1201 2365; x_wconf 90' lang='lat' dir='ltr'>Mor).</span> 
     </span>
    </p>
   </div>
   <div class='ocr_carea' id='block_1_6' title="bbox 189 2400 492 2404">
    <p class='ocr_par' dir='ltr' id='par_1_9' title="bbox 189 2400 492 2404">
     <span class='ocr_line' id='line_1_23' title="bbox 189 2400 492 2404; baseline 0 0"><span class='ocrx_word' id='word_1_161' title='bbox 189 2400 492 2404; x_wconf 95' lang='lat' dir='ltr'> </span> 
     </span>
    </p>
   </div>
   <div class='ocr_carea' id='block_1_7' title="bbox 137 2452 1827 2981">
    <p class='ocr_par' dir='ltr' id='par_1_10' title="bbox 257 2452 911 2510">
     <span class='ocr_line' id='line_1_24' title="bbox 257 2452 911 2510; baseline 0.006 -15"><span class='ocrx_word' id='word_1_162' title='bbox 257 2455 299 2509; x_wconf 90' lang='lat'>1)</span> <span class='ocrx_word' id='word_1_163' title='bbox 333 2452 399 2497; x_wconf 90' lang='lat' dir='ltr'>Cf.</span> <span class='ocrx_word' id='word_1_164' title='bbox 432 2456 466 2497; x_wconf 85' lang='lat' dir='ltr'>t.</span> <span class='ocrx_word' id='word_1_165' title='bbox 490 2453 532 2496; x_wconf 94' lang='lat' dir='ltr'><strong>V</strong></span> <span class='ocrx_word' id='word_1_166' title='bbox 562 2469 607 2510; x_wconf 90' lang='lat' dir='ltr'>p.</span> <span class='ocrx_word' id='word_1_167' title='bbox 633 2459 719 2498; x_wconf 84' lang='lat'>416</span> <span class='ocrx_word' id='word_1_168' title='bbox 750 2457 844 2500; x_wconf 89' lang='lat' dir='ltr'>not.</span> <span class='ocrx_word' id='word_1_169' title='bbox 872 2460 911 2499; x_wconf 85' lang='lat'>4.</span> 
     </span>
    </p>

    <p class='ocr_par' dir='ltr' id='par_1_11' title="bbox 257 2511 683 2569">
     <span class='ocr_line' id='line_1_25' title="bbox 257 2511 683 2569; baseline 0.009 -15"><span class='ocrx_word' id='word_1_170' title='bbox 257 2514 301 2567; x_wconf 87' lang='lat'>2)</span> <span class='ocrx_word' id='word_1_171' title='bbox 333 2511 398 2556; x_wconf 84' lang='lat' dir='ltr'>cf.</span> <span class='ocrx_word' id='word_1_172' title='bbox 432 2514 465 2556; x_wconf 90' lang='lat' dir='ltr'>t.</span> <span class='ocrx_word' id='word_1_173' title='bbox 490 2511 512 2555; x_wconf 90' lang='lat'>1</span> <span class='ocrx_word' id='word_1_174' title='bbox 542 2527 585 2569; x_wconf 92' lang='lat' dir='ltr'>p.</span> <span class='ocrx_word' id='word_1_175' title='bbox 613 2518 683 2558; x_wconf 77' lang='lat'>75.</span> 
     </span>
    </p>

    <p class='ocr_par' dir='ltr' id='par_1_12' title="bbox 137 2570 1827 2981">
     <span class='ocr_line' id='line_1_26' title="bbox 257 2570 1827 2626; baseline 0.001 -12"><span class='ocrx_word' id='word_1_176' title='bbox 257 2573 300 2626; x_wconf 89' lang='grc'>3)</span> <span class='ocrx_word' id='word_1_177' title='bbox 331 2570 490 2615; x_wconf 85' lang='lat' dir='ltr'>Notat.</span> <span class='ocrx_word' id='word_1_178' title='bbox 524 2572 585 2615; x_wconf 89' lang='lat' dir='ltr'>ad</span> <span class='ocrx_word' id='word_1_179' title='bbox 616 2572 716 2616; x_wconf 89' lang='lat' dir='ltr'>Lib.</span> <span class='ocrx_word' id='word_1_180' title='bbox 740 2573 771 2617; x_wconf 95' lang='lat' dir='ltr'>l.</span> <span class='ocrx_word' id='word_1_181' title='bbox 796 2573 848 2616; x_wconf 88' lang='lat' dir='ltr'>l.:</span> <span class='ocrx_word' id='word_1_182' title='bbox 882 2575 976 2618; x_wconf 79' lang='lat' dir='ltr'>Hic</span> <span class='ocrx_word' id='word_1_183' title='bbox 1005 2588 1062 2618; x_wconf 77' lang='lat' dir='ltr'>ne</span> <span class='ocrx_word' id='word_1_184' title='bbox 1091 2575 1269 2619; x_wconf 81' lang='lat' dir='ltr'>mireris</span> <span class='ocrx_word' id='word_1_185' title='bbox 1299 2575 1427 2618; x_wconf 79' lang='lat' dir='ltr'>toties</span> <span class='ocrx_word' id='word_1_186' title='bbox 1466 2573 1527 2617; x_wconf 82' lang='lat' dir='ltr'>ad</span> <span class='ocrx_word' id='word_1_187' title='bbox 1558 2587 1684 2617; x_wconf 84' lang='lat' dir='ltr'>oram</span> <span class='ocrx_word' id='word_1_188' title='bbox 1716 2573 1827 2617; x_wconf 80' lang='lat' dir='ltr'>libri</span> 
     </span>
     <span class='ocr_line' id='line_1_27' title="bbox 138 2631 1824 2688; baseline 0.002 -15"><span class='ocrx_word' id='word_1_189' title='bbox 138 2631 395 2686; x_wconf 76' lang='lat' dir='ltr'>adscriptas</span> <span class='ocrx_word' id='word_1_190' title='bbox 420 2644 523 2675; x_wconf 39' lang='lat' dir='ltr'>resse</span> <span class='ocrx_word' id='word_1_191' title='bbox 559 2633 838 2677; x_wconf 64' lang='lat' dir='ltr'>coniectum-as</span> <span class='ocrx_word' id='word_1_192' title='bbox 875 2639 1056 2678; x_wconf 77' lang='lat' dir='ltr'>nostras</span> <span class='ocrx_word' id='word_1_193' title='bbox 1063 2650 1080 2687; x_wconf 89' lang='lat'><em>;</em></span> <span class='ocrx_word' id='word_1_194' title='bbox 1123 2647 1203 2678; x_wconf 75' lang='lat' dir='ltr'>nec</span> <span class='ocrx_word' id='word_1_195' title='bbox 1239 2633 1362 2677; x_wconf 78' lang='lat' dir='ltr'>ullas</span> <span class='ocrx_word' id='word_1_196' title='bbox 1393 2637 1629 2688; x_wconf 78' lang='lat' dir='ltr'>praeterea</span> <span class='ocrx_word' id='word_1_197' title='bbox 1666 2633 1824 2676; x_wconf 79' lang='lat' dir='ltr'>varias</span> 
     </span>
     <span class='ocr_line' id='line_1_28' title="bbox 139 2690 1826 2749; baseline 0.002 -17"><span class='ocrx_word' id='word_1_198' title='bbox 139 2690 346 2734; x_wconf 74' lang='lat' dir='ltr'>lectiones</span> <span class='ocrx_word' id='word_1_199' title='bbox 353 2707 369 2743; x_wconf 89' lang='lat'><em>;</em></span> <span class='ocrx_word' id='word_1_200' title='bbox 407 2703 530 2734; x_wconf 75' lang='lat' dir='ltr'>unus</span> <span class='ocrx_word' id='word_1_201' title='bbox 561 2691 725 2748; x_wconf 77' lang='lat' dir='ltr'>quippe</span> <span class='ocrx_word' id='word_1_202' title='bbox 755 2692 945 2736; x_wconf 85' lang='lat' dir='ltr'>Ferrar.</span> <span class='ocrx_word' id='word_1_203' title='bbox 981 2691 1086 2737; x_wconf 83' lang='lat' dir='ltr'>Ood.</span> <span class='ocrx_word' id='word_1_204' title='bbox 1118 2693 1356 2749; x_wconf 78' lang='lat' dir='ltr'>suppetiit,</span> <span class='ocrx_word' id='word_1_205' title='bbox 1397 2705 1478 2736; x_wconf 77' lang='lat' dir='ltr'>nec</span> <span class='ocrx_word' id='word_1_206' title='bbox 1514 2692 1623 2735; x_wconf 81' lang='lat' dir='ltr'>ullis</span> <span class='ocrx_word' id='word_1_207' title='bbox 1655 2692 1826 2746; x_wconf 77' lang='lat' dir='ltr'>priscis</span> 
     </span>
     <span class='ocr_line' id='line_1_29' title="bbox 139 2749 1823 2807; baseline 0.001 -16"><span class='ocrx_word' id='word_1_208' title='bbox 139 2749 213 2792; x_wconf 64' lang='lat' dir='ltr'>lib.</span> <span class='ocrx_word' id='word_1_209' title='bbox 247 2754 289 2793; x_wconf 84' lang='lat' dir='ltr'>et</span> <span class='ocrx_word' id='word_1_210' title='bbox 318 2762 452 2792; x_wconf 79' lang='lat' dir='ltr'>nmsc.</span> <span class='ocrx_word' id='word_1_211' title='bbox 485 2750 757 2794; x_wconf 74' lang='lat' dir='ltr'>membranis</span> <span class='ocrx_word' id='word_1_212' title='bbox 788 2750 1006 2796; x_wconf 81' lang='lat' dir='ltr'>adiwvari</span> <span class='ocrx_word' id='word_1_213' title='bbox 1040 2752 1181 2796; x_wconf 76' lang='lat' dir='ltr'>licuit.</span> <span class='ocrx_word' id='word_1_214' title='bbox 1246 2750 1400 2795; x_wconf 83' lang='lat' dir='ltr'>Codex</span> <span class='ocrx_word' id='word_1_215' title='bbox 1438 2750 1562 2807; x_wconf 90' lang='lat' dir='ltr'>enim</span> <span class='ocrx_word' id='word_1_216' title='bbox 1601 2763 1692 2806; x_wconf 92' lang='lat' dir='ltr'>quo</span> <span class='ocrx_word' id='word_1_217' title='bbox 1724 2749 1823 2793; x_wconf 87' lang='lat' dir='ltr'>Mo-</span> 
     </span>
     <span class='ocr_line' id='line_1_30' title="bbox 137 2805 1823 2866; baseline 0.002 -17"><span class='ocrx_word' id='word_1_218' title='bbox 137 2805 279 2850; x_wconf 85' lang='lat' dir='ltr'>reUus</span> <span class='ocrx_word' id='word_1_219' title='bbox 310 2806 408 2851; x_wconf 86' lang='lat' dir='ltr'>fere</span> <span class='ocrx_word' id='word_1_220' title='bbox 438 2821 550 2851; x_wconf 88' lang='lat' dir='ltr'>usus</span> <span class='ocrx_word' id='word_1_221' title='bbox 581 2811 653 2852; x_wconf 88' lang='lat' dir='ltr'>est</span> <span class='ocrx_word' id='word_1_222' title='bbox 682 2809 920 2853; x_wconf 80' lang='lat' dir='ltr'>Parisinus</span> <span class='ocrx_word' id='word_1_223' title='bbox 944 2824 1012 2866; x_wconf 89' lang='lat' dir='ltr'>gr.</span> <span class='ocrx_word' id='word_1_224' title='bbox 1038 2814 1154 2854; x_wconf 85' lang='lat'>3014</span> <span class='ocrx_word' id='word_1_225' title='bbox 1187 2809 1575 2853; x_wconf 84' lang='lat' dir='ltr'>declamationem</span> <span class='ocrx_word' id='word_1_226' title='bbox 1598 2822 1690 2852; x_wconf 89' lang='lat' dir='ltr'>non</span> <span class='ocrx_word' id='word_1_227' title='bbox 1715 2822 1823 2852; x_wconf 85' lang='lat' dir='ltr'>con-</span> 
     </span>
     <span class='ocr_line' id='line_1_31' title="bbox 138 2864 1822 2925; baseline 0.001 -17"><span class='ocrx_word' id='word_1_228' title='bbox 138 2864 280 2920; x_wconf 82' lang='lat' dir='ltr'>tinet3</span> <span class='ocrx_word' id='word_1_229' title='bbox 312 2866 548 2910; x_wconf 82' lang='lat' dir='ltr'>Parisinus</span> <span class='ocrx_word' id='word_1_230' title='bbox 579 2881 687 2911; x_wconf 86' lang='lat' dir='ltr'>vero</span> <span class='ocrx_word' id='word_1_231' title='bbox 719 2883 785 2925; x_wconf 86' lang='lat' dir='ltr'>gr.</span> <span class='ocrx_word' id='word_1_232' title='bbox 812 2872 926 2911; x_wconf 86' lang='grc'><strong>3017</strong></span> <span class='ocrx_word' id='word_1_233' title='bbox 959 2882 1081 2913; x_wconf 81' lang='lat' dir='ltr'>anno</span> <span class='ocrx_word' id='word_1_234' title='bbox 1114 2869 1301 2912; x_wconf 88' lang='lat' dir='ltr'>demum</span> <span class='ocrx_word' id='word_1_235' title='bbox 1334 2872 1447 2912; x_wconf 78' lang='lat'>1700</span> <span class='ocrx_word' id='word_1_236' title='bbox 1486 2867 1822 2911; x_wconf 86' lang='lat' dir='ltr'>bibliothecam</span> 
     </span>
     <span class='ocr_line' id='line_1_32' title="bbox 139 2923 574 2981; baseline 0.005 -14"><span class='ocrx_word' id='word_1_237' title='bbox 139 2923 337 2981; x_wconf 86' lang='lat' dir='ltr'>Regiam</span> <span class='ocrx_word' id='word_1_238' title='bbox 367 2925 574 2969; x_wconf 86' lang='lat' dir='ltr'>intravit.</span> 
     </span>
    </p>
   </div>
  </div>
 </body>
</html>
