2010 3168
206 138 316 190 524
643 138 870 183 LIBANH
899 138 1288 184 DECLAMATIO
1321 139 1470 185 XXVI

204 277 314 327 τίνι
360 274 422 326 τὸ
462 276 759 344 πρόσωπον
808 273 1175 344 ἐψιμυθίωτο;
1232 276 1314 338 τίς
1368 272 1492 345 εὗρε
1544 278 1757 348 νίτρον;
1809 280 1892 341 τίς

203 362 448 416 ἀπώλεσε
510 364 811 427 σάνδαλον;
871 365 955 426 τίς
1017 363 1279 434 ἀνέτρεψε
1339 372 1434 433 τῆς
1494 368 1893 436 βαλανευτρίας

202 453 302 520 τὴν
356 450 621 522 ἐμπολήν;
677 453 777 520 τὴν
832 454 1044 506 δοῦσαν
1099 452 1302 521 ὀβολὸν
1355 461 1430 526 τῷ
1487 457 1738 523 βαλανεῖ,
1791 456 1892 524 τὴν

199 540 394 609 πλέον,
440 542 541 610 τὴν
587 539 838 610 ἔλαττον,
885 543 986 610 τὴν
1025 541 1214 611 οὐδέν,
1265 543 1355 596 καὶ
1394 543 1495 611 τὴν
1533 543 1639 597 ἀπὸ
1679 552 1778 597 τοῦ
1818 545 1890 613 μὴ

202 631 398 683 δοῦναι
437 633 773 699 προστίθησι
813 631 1003 701 μάχην.
1045 631 1130 684 20.
1172 625 1280 684 εἶθ’
1325 632 1508 702 ὥσπερ
1549 632 1890 702 ἐκλαθομένη

198 728 308 772 τῶν
353 719 626 788 μεγίστων
683 719 857 789 αὑτὴν
903 722 980 782 εἰς
1032 719 1342 789 ἀνάμνησιν
1397 722 1731 790 κονδυλίζει,
1784 719 1919 790 ἐγὼ·

199 807 259 861 δὲ
305 809 510 877 φρίττω
559 808 733 878 ῥεῦμα
780 807 968 879 ἕτερον
1017 808 1383 879 ἐπερχόμενον
1429 809 1575 880 ὁρῶν
1628 811 1717 863 καὶ
1770 830 1891 864 κεν-

196 904 393 963 τοῦμαι
431 907 547 960 τοῖς
586 898 902 967 φληνάφοις
939 896 1030 950 καὶ
1069 899 1204 951 κατὰ
1249 901 1379 962 τοὺς
1417 898 1893 969 μαστιγουμένους

196 985 446 1055 ἀναμένω
479 987 580 1055 τὴν
618 994 713 1055 τῆς
747 991 936 1049 λαλιᾶς
971 987 1298 1041 ἀνάπαυλαν
1330 989 1576 1056 οἰμώζων
1607 989 1697 1042 καὶ
1730 1009 1890 1042 κατα-

313 1181 335 1220 1
377 1177 481 1233 Lys.
515 1191 578 1221 or.
610 1177 631 1220 1
669 1182 693 1231 ξ
720 1182 774 1221 14
814 1179 861 1221 et
903 1182 968 1222 17.
1019 1177 1138 1222 Ches.
1171 1178 1293 1222 Pers.
1331 1178 1395 1223 III
1443 1179 1568 1235 apud
1607 1179 1775 1223 Athen.
1807 1179 1893 1222 XII

192 1252 235 1292 p.
262 1236 388 1280 528f
415 1236 486 1294 (fr.
512 1241 567 1280 20
600 1237 670 1280 ed.
697 1236 908 1286 Mueller)
1042 1243 1067 1281 2
1100 1237 1213 1281 Poll.
1241 1238 1326 1282 VII
1352 1242 1434 1282 166
1559 1244 1583 1282 3
1617 1238 1755 1283 Arist.
1790 1253 1888 1283 ran.

194 1300 277 1340 '710
295 1310 362 1351 sq.
395 1310 500 1340 cum
532 1296 672 1341 schol.
795 1300 821 1340 8
854 1297 911 1341 cf.
938 1299 970 1340 b.
994 1297 1060 1341 IV
1084 1302 1183 1352 623,
1203 1303 1256 1341 27
1276 1298 1317 1341 Β,

310 1480 332 1518 1
358 1473 450 1519 τίνι
468 1502 523 1508 —
540 1473 698 1529 νίτρον
716 1475 777 1518 ad
793 1489 950 1519 versus
975 1475 1244 1520 comoediae
1261 1475 1446 1519 Atticae
1471 1477 1664 1521 revocat
1680 1475 1887 1520 Kockius

194 1534 197 1548 '
235 1532 560 1591 ἑψιμμυθίωτο
595 1535 712 1579 VVa
736 1535 803 1578 Re
865 1531 1216 1591 ἐπεψιμμίθωτο
1244 1534 1297 1580 Ol
1320 1534 1420 1578 Mor
1483 1535 1817 1592 ἐπεψιμύθωτο
1845 1537 1891 1580 Β

190 1593 247 1637 cf.
280 1593 372 1638 lex.
404 1594 521 1638 rhet.
558 1593 680 1651 Segu
684 1607 743 1638 er.
778 1594 849 1638 ed.
882 1593 1066 1637 Bekker
1090 1594 1262 1638 Anecd.
1288 1609 1331 1650 p.
1359 1599 1459 1649 258,
1478 1598 1504 1638 8
1529 1608 1564 1637 ε.
1592 1610 1634 1639 v.
1663 1595 1891 1652 ἐψιμυθι-

191 1656 368 1707 ῶσθαι;
413 1653 554 1697 Moer.
590 1669 636 1710 p.
618 1609 781 1708 8112141,
802 1658 823 1696 1
869 1653 940 1697 ed.
986 1652 1168 1697 Bekker
1209 1653 1444 1710 ψιμύθιον
1489 1653 1569 1698 διὰ
1611 1661 1694 1698 τοῦ
1734 1662 1764 1698 ῦ
1809 1655 1892 1698 καὶ

194 1719 382 1768 μακρῶς
411 1710 601 1757 Αττικοί
636 1715 642 1766 Ι
685 1709 817 1767 εὗρεν
850 1714 897 1756 eb
928 1717 974 1756 2
987 1713 1219 1756 ἀπωλεσεν
1245 1713 1317 1757 La
1441 1717 1465 1755 2
1497 1710 1567 1764 τίς
1590 1740 1647 1746 -
1673 1717 1698 1755 5
1731 1711 1888 1782 μάχην

196 1771 257 1814 ad
274 1786 431 1816 versus
449 1772 718 1816 comoediae
733 1772 920 1816 Aizbicae
936 1774 1122 1815 revocat
1140 1771 1342 1816 Kookius
1457 1777 1482 1815 3
1502 1772 1703 1827 ἐμπολήν
1722 1772 1890 1828 scripsi

196 1830 464 1875 auctoribus
498 1845 728 1887 anonymo
763 1831 947 1875 Gasdae
979 1833 1026 1875 ef,
1057 1831 1234 1875 Kockio
1305 1831 1358 1887 ἐμ
1390 1831 1500 1888 ολὴν
1531 1831 1641 1876 libri
1674 1831 1765 1875 edd

194 1895 219 1933 4
245 1891 325 1934 καὶ
351 1892 460 1934 ante
485 1890 570 1947 τὴν
594 1893 635 1945 (1
664 1892 711 1934 eb
736 1893 778 1947 2)
803 1890 1102 1934 inserendum
1127 1890 1231 1935 coni
1255 1890 1353 1935 Κοο
1507 1896 1532 1933 5
1566 1888 1818 1947 προτίθησι
1839 1892 1899 1936 H

251 1953 564 2004 προτεθεῖσαν
592 1950 646 1993 ΟΖ
676 1950 777 1994 Mor
826 1952 831 1994 Ι
883 1950 938 1993 de
969 1963 1105 1993 versu
1141 1949 1220 1994 καὶ
1251 1947 1531 2007 προστίθησι
1561 1950 1648 2024 τὴν
1677 1950 1770 1994 ἀπὸ
1803 1957 1888 1994 τοῦ

193 2007 338 2077 μηδὲν
372 2008 522 2067 μάχην
563 2009 789 2066 cogitavit
820 2008 1024 2052 Koekius
1074 2010 1080 2066 Ι
1131 2008 1278 2063 ὥσπεο
1307 2035 1362 2042 -
1389 2014 1413 2052 6
1458 2007 1714 2062 κονδυλίζει
1751 2024 1887 2066 prae-

193 2068 347 2112 missis
372 2068 523 2112 vorbis
548 2068 599 2112 τὸ
626 2070 898 2124 ἐκλελῆσθαι
923 2067 1222 2112 συντάσσεται
1246 2069 1327 2112 καὶ
1351 2075 1508 2126 γενικῇ
1534 2069 1615 2112 καὶ
1641 2069 1888 2126 αἰτιατικῇ.

192 2133 351 2184 γενικῇ
377 2126 474 2182 μέν,
500 2128 561 2178 ὡς
583 2127 712 2183 παρὰ
736 2125 943 2186 Λιβανίςο
969 2124 1071 2172 οἷον
1103 2127 1219 2171 citat
1248 2127 1335 2171 lex.
1361 2128 1557 2184 Augusb.
1593 2128 1663 2172 ed.
1692 2127 1743 2171 G.
1771 2127 1886 2171 Her-

190 2199 333 2229 mann
353 2187 408 2230 de
427 2187 605 2230 emend.
624 2189 710 2230 rab.
728 2201 921 2244 gramm.
939 2202 985 2243 p.
1002 2191 1100 2240 342
1114 2191 1166 2230 18
1186 2189 1228 2243 (6
1248 2186 1510 2255 ἀνάμνησιν
1526 2187 1718 2243 respicit
1741 2186 1887 2230 etiam

190 2261 232 2301 p.
262 2250 363 2298 319,
381 2247 424 2302 5)
546 2250 571 2288 6
610 2246 756 2302 αὑτὴν
781 2272 835 2279 -
860 2244 1116 2298 κονδυλίζει
1145 2245 1414 2302 praemissis
1448 2246 1597 2290 verbis
1630 2245 1882 2298 κονδυλίζω

190 2306 270 2348 καὶ
294 2305 599 2361 κονδυλισμὸς
630 2306 708 2348 καὶ
741 2303 976 2355 κόνδυλος.
1010 2304 1231 2362 Λιβάνιος
1256 2305 1304 2349 ἐν
1329 2311 1383 2362 τῇ
1408 2306 1523 2362 αὐτῇ
1549 2305 1807 2362 (praecedit
1834 2304 1885 2349 ἐν

189 2362 350 2463 μελέτῃ
383 2370 436 2420 τῇ
469 2364 575 2419 περὶ
607 2369 688 2420 τῆς
720 2363 860 2408 λάλου
893 2364 949 2408 cf.
984 2364 1043 2406 ad
1076 2363 1105 2407 l.
1142 2367 1183 2421 7)
1217 2364 1417 2408 Thomas
1449 2364 1571 2421 Mag.
1605 2379 1650 2420 p.
1683 2368 1824 2417 193,8
1847 2363 1888 2407 R

193 2464 196 2481 ,
193 2422 300 2474 ἵείς
331 2423 464 2478 (πρὸς
488 2422 652 2479 Thom)
679 2422 939 2480 ἀνάμνησιν
966 2422 1135 2479 ἑαυτὴν
1159 2422 1415 2476 κονὸυλίζει
1436 2425 1502 2467 Va
1526 2423 1673 2467 Thom
1701 2425 1707 2478 Ι
1736 2422 1884 2478 αὑτὴν

189 2482 354 2538 scripsi
387 2496 493 2526 cum
519 2481 625 2526 GrB
655 2482 838 2539 August
900 2482 1046 2538 αὐτὴν
1073 2482 1124 2525 Η
1133 2481 1409 2526 VOLoeVtC'l
1438 2483 1548 2526 Ferr
1609 2481 1779 2537 ἑαυτὴν
1815 2483 1883 2526 Va

187 2540 338 2584 Thom
372 2541 473 2584 Mor
504 2541 572 2585 Re
622 2542 627 2598 Ι
677 2540 764 2597 ἐγὼ
791 2568 844 2573 -
873 2547 895 2584 7
938 2540 1059 2596 ὁρῶν
1099 2541 1159 2584 ad
1199 2555 1353 2585 versus
1394 2541 1661 2586 comoediae
1700 2541 1786 2597 ἐγὼ
1829 2539 1880 2584 δὲ

190 2598 364 2654 φρίττω
409 2597 538 2656 ῥεῦμ’
587 2597 894 2673 ἐπερχόμενον
938 2599 1058 2654 ὁρῶν
1103 2599 1259 2654 ἕτερον
1301 2603 1488 2645 revocat
1532 2599 1736 2644 Kookius

192 2663 214 2700 7
248 2659 408 2702 καὶ-
437 2663 462 2702 8
496 2657 762 2715 φληνάφοις
792 2659 1059 2715 praemissis
1090 2659 1241 2702 verbis
1274 2659 1536 2714 κεντεῖ,οὐ
1569 2661 1706 2718 κεντᾷ
1742 2657 1883 2717 Λιβά-

194 2734 292 2767 νιος
325 2719 375 2762 ἐν
409 2718 569 2776 μελέτη
608 2724 663 2775 τῇ
703 2718 808 2771 περὶ
847 2724 926 2773 τῆς
965 2717 1104 2762 λάλου
1140 2718 1339 2761 Thomas
1372 2718 1494 2775 Mag.
1526 2733 1570 2774 p.
1600 2722 1696 2770 193,
1715 2723 1740 2760 6

193 2780 219 2819 8
249 2776 598 2833 καταμαστιγού
602 2791 739 2833 μενος
758 2777 810 2822 Ol
834 2777 934 2820 Mor
959 2780 1006 2820 et
1030 2777 1328 2832 amplectitur
1343 2791 1498 2820 versus
1524 2790 1664 2820 causa
1679 2775 1886 2820 Kockius

249 2836 360 2886 τοὺς
391 2834 782 2892 μαστιγουμένους
812 2835 860 2878 in
892 2850 966 2879 ras
1001 2834 1092 2880 Va'
1175 2833 1528 2892 μαστιζομένους
1551 2835 1596 2878 Β
1739 2839 1764 2878 9
1795 2834 1880 2891 τὴν

187 2908 281 2937 non
312 2896 420 2937 ante
444 2900 526 2950 τῆς
549 2894 628 2938 sed
651 2896 760 2938 ante
784 2893 1062 2939 ἀνάπαυλαν
1075 2895 1142 2939 Va
1204 2908 1278 2938 om
1295 2894 1396 2938 Mor
1412 2894 1478 2938 Re
1505 2896 1512 2951 Ι
1539 2910 1588 2951 γε
1611 2895 1718 2950 post
1741 2894 1879 2949 οἰμώ-

189 2954 279 3005 ζων
312 2953 371 2996 ad
402 2966 583 2997 versum
617 2954 978 2997 nanciscendum
1010 2953 1174 2998 inserit
1203 2953 1406 2998 Kockius
