2010 3168
177 101 283 154 140
639 100 868 145 LIBANII
898 99 1288 145 DECLAMATIO
1319 99 1404 144 XV

172 242 423 290 θοῦσθαι
462 235 560 306 ὑφ’
606 238 758 305 ἡμῶν
810 236 1220 304 ἀποστατούσης
1265 243 1360 304 τῆς
1400 241 1565 302 θεοῦ,
1619 233 1734 288 ἐπεὶ
1772 236 1863 287 καὶ

172 327 233 379 τὸ
280 334 442 379 νικᾶν
490 324 550 379 ἐν
595 313 711 388 τοῖς
759 327 1132 395 δικαστηριόις
1179 323 1301 378 οὐδ’
1350 324 1481 377 αὐτὸ
1529 327 1704 393 μόνον
1755 325 1864 377 δει-

173 417 422 484 νότητος,
471 417 518 468 εἰ
564 416 636 484 μὴ
682 417 775 467 καί
819 435 901 478 τις
941 415 1163 484 εὐτυχία
1208 412 1585 483 προσγένοιτο.
1635 413 1725 466 καὶ
1763 419 1862 465 τοῦ

171 509 562 574 προαιρεῖσθαι
610 505 673 557 τὰ
719 506 913 571 βελτίω
962 512 1025 574 τῇ
1082 504 1227 573 Τύχῃ
1276 503 1474 571 δίδωμι
1520 503 1621 571 τὴν
1669 501 1863 570 ἡγεμο-

128 595 313 648 5νίαν.
362 592 470 663 ὁρῶ
513 590 572 645 δὲ
612 593 853 655 ἅπαντας
901 591 985 660 ἐφ’
1035 584 1117 654 οἷς
1165 592 1458 660 εὐτυχοῦσι
1506 589 1863 659 τιμωμένους,

173 683 261 735 καὶ
317 691 428 734 τῶν
489 681 957 752 κατορθουμένων
1019 679 1161 733 εἰσὶν
1224 682 1279 733 αἱ
1341 681 1490 747 τιμαὶ
1552 677 1642 731 καὶ
1704 694 1862 748 στρα-

172 778 318 844 τηγῷ
351 772 440 823 καὶ
474 771 682 841 ῥήτορι,
723 773 780 824 οἱ
816 772 1220 839 δυστυχοῦντες
1260 767 1319 822 δὲ
1360 768 1449 822 καὶ
1490 778 1600 821 τῶν
1640 770 1864 837 δωρεῶν

174 860 669 929 ἀποτυγχάνουσιν.
719 861 926 912 ἄτοπον
966 855 1086 925 οὖν,
1126 861 1177 912 εί
1212 859 1309 911 τὸν
1344 859 1638 927 δυστυχεῖν
1671 857 1864 925 ὁμολο-

173 957 379 1017 γοῦντα
419 950 492 1012 ὡς
529 955 916 1018 κατορθοῦντα
956 950 1219 1016 τιμήσετε.
1273 948 1338 1000 οὐ
1379 949 1487 1016 μὴν
1527 943 1654 1000 οὔθ’
1703 942 1865 1008 οὗτος

106 1061 149 1092 ιο
174 1037 436 1099 ἑκουσίως
474 1039 750 1107 δυστυχεῖ,
785 1036 900 1090 ἀλλ’
942 1037 999 1089 ἐκ
1039 1037 1578 1105 πολυπραγμοσύνης
1609 1035 1699 1089 καὶ
1731 1054 1863 1105 προ-

171 1129 386 1189 πετείας
433 1125 493 1179 ἐν
540 1118 622 1188 οἷς
667 1127 1037 1194 πολιτεύεται,
1086 1124 1198 1178 οὔτ’
1258 1123 1375 1194 ἐμοὶ
1425 1126 1485 1177 τὸ
1533 1133 1628 1194 τῆς
1683 1126 1865 1178 ἄλλων

171 1217 261 1269 καὶ
293 1224 386 1284 τῆς
419 1223 518 1284 σῆς
549 1217 726 1278 αἰτίας
759 1214 908 1277 ἐκτὸς
940 1209 1081 1268 εἷναι
1114 1214 1423 1283 αὐτόματον
1456 1214 1664 1284 εὕρημά
1697 1213 1864 1280 ἐστιν,

173 1303 231 1358 ἐκ
277 1306 543 1375 προνοίας
590 1303 675 1372 δέ,
730 1309 880 1373 εἴπερ
935 1323 988 1357 τι
1034 1301 1124 1356 καὶ
1173 1304 1330 1371 ἄλλο,
1386 1303 1475 1355 καὶ
1522 1311 1616 1370 τῆς
1662 1310 1761 1355 τοῦ
1813 1306 1869 1355 τί

174 1393 394 1447 λεκτέον
432 1394 521 1446 καὶ
559 1395 632 1462 μὴ
681 1394 993 1463 φροντίδος.
1051 1391 1494 1460 ἐπισφραγίζεται
1542 1393 1642 1460 τὴν
1690 1391 1865 1459 ἀσφά-

106 1506 147 1538 15
175 1487 327 1536 λειαν
373 1491 485 1535 τῶν
532 1482 926 1551 βουλευμάτων
969 1482 998 1550 ἡ
1047 1483 1208 1551 Τύχη.
1277 1481 1364 1533 42.
1413 1483 1541 1533 ’ἔστι
1590 1477 1650 1533 δὲ
1696 1488 1866 1533 ταῦτα

173 1576 324 1641 τίμια
363 1580 475 1624 τῶν
514 1570 575 1624 ἐν
615 1571 962 1640 ἀνθρώποις,
1011 1571 1112 1623 ὅσα
1160 1568 1250 1622 καὶ
1290 1570 1648 1638 βεβούλευται
1687 1575 1865 1631 καλῶς

171 1660 261 1714 καὶ
303 1662 558 1729 τετύχηκε
598 1667 697 1712 τοῦ
737 1661 872 1713 κατὰ
913 1661 1140 1728 γνώμην
1170 1657 1378 1725 τέλους,
1417 1659 1483 1710 τὰ
1515 1655 1576 1710 δὲ
1608 1666 1703 1726 τῆς
1734 1661 1864 1726 βου-

84 1755 127 1798 Η
158 1755 221 1798 1Χ
236 1760 290 1798 63
355 1750 590 1812 λεύσεως
629 1748 941 1818 ἁμαρτόντα
973 1747 1005 1816 ἢ
1037 1749 1182 1816 παρὰ
1217 1745 1224 1817 Ι
1260 1748 1485 1815 γνώμην
1520 1746 1865 1816 ἀτυχηθέντα

175 1839 334 1907 ἀτελῆ
360 1836 450 1891 καὶ
475 1846 539 1908 τῇ
564 1837 882 1907 προαιρέσει
907 1835 996 1890 καὶ
1022 1846 1085 1907 τῇ
1111 1838 1262 1906 τύχῃ.
1303 1838 1372 1888 σὺ
1405 1833 1465 1889 δὲ
1491 1836 1864 1905 ἀπροβούλευ-

110 1950 153 1982 20
177 1948 274 1980 τον
307 1927 535 1997 ε’ρμαιον
566 1925 671 1997 ἡγῆ
706 1926 1060 1995 φυλάξασθαι
1092 1911 1428 1994 κακοήθειαν
1460 1923 1684 1994 ἐχθροῦ,
1724 1927 1866 1993 φθό-

175 2037 277 2069 νον
309 2018 593 2083 βασκάνου
619 2016 691 2084 μὴ
724 2016 890 2084 μετὸν
914 2017 1179 2095 προνοίας
1204 2014 1479 2082 ἀκριβοῦς.
1512 2014 1705 2067 πολλοὶ
1731 2011 1865 2080 κάμε

174 2111 606 2174 παρατηροῦσιν,
640 2097 723 2166 οἷς
747 2101 880 2166 ἔθος
906 2105 1021 2171 εἰκῆ
1056 2103 1127 2165 ὡς
1160 2102 1319 2172 ἀέρος
1347 2103 1651 2172 δεδράχθαι
1677 2109 1865 2166 κακοῦ,

174 2195 263 2247 καὶ
311 2199 366 2246 εἴ
407 2214 459 2246 τι
508 2194 724 2262 σαθρὸν
772 2192 1009 2262 ἀκριβῶς
1057 2199 1376 2245 σκοποῦσιν.
1425 2192 1508 2244 ὅτι
1548 2192 1651 2261 γὰρ
1699 2193 1866 2259 μόνος

177 2283 242 2335 οὐ
291 2281 539 2352 κέκριμαι
589 2292 701 2335 τῶν
752 2281 1013 2350 Ἀθήνησι
1059 2280 1561 2348 πεπολιτευμένων,
1617 2281 1752 2347 αὐτῇ
1799 2287 1864 2348 τῇ

109 2394 151 2426 25
175 2373 454 2438 καινότητι
511 2376 795 2439 φθονοῦσι
843 2368 1003 2438 <καὶ>
1059 2374 1461 2438 φιλονεικοῦσι,
1515 2372 1597 2431 τίς
1652 2377 1864 2434 πρῶτος

298 2506 351 2545 18
383 2501 512 2544 Dem.
546 2516 590 2556 p.
621 2506 763 2555 716‚3
901 2505 955 2543 22
998 2501 1055 2544 cf.
1090 2499 1216 2542 Suid.
1251 2514 1284 2543 s.
1312 2515 1349 2544 v.
1383 2497 1497 2553 ἀέρα
1539 2497 1718 2553 δαίρειν
1759 2512 1864 2541 cum

176 2563 288 2604 nota
319 2559 610 2615 Bernhardyi
635 2563 700 2616 (eb
723 2562 756 2603 ὓ.
775 2560 838 2604 IV
862 2575 904 2616 p.
928 2561 1058 2614 1778)
1197 2564 1250 2601 23
1284 2558 1415 2602 Dem.
1448 2573 1492 2615 p.
1521 2563 1589 2612 24,
1610 2563 1655 2610 7;
1691 2562 1789 2612 155,
1808 2561 1862 2599 29

297 2683 322 2721 8
359 2680 561 2734 δυστυχη
589 2678 676 2721 Μα
830 2683 881 2721 17
916 2676 1194 2751 βουλεύσεως
1226 2677 1390 2733 scripsi
1452 2674 1708 2749 βουλήσεως
1734 2676 1869 2719 ΜαΡ

299 2742 351 2780 18
385 2735 650 2792 ἁμαρτόντα
670 2737 759 2780 Μα
783 2738 863 2780 scd
895 2735 1033 2781 τόντα
1059 2736 1107 2778 in
1139 2750 1212 2779 ras
1245 2736 1314 2778 m²
1341 2739 1346 2792 Ι
1374 2735 1502 2790 παρὰ
1535 2735 1699 2802 scripsi
1760 2734 1865 2788 περὶ

181 2797 316 2840 ΜαΡ
448 2801 500 2839 21
536 2795 672 2851 μετὸν
706 2796 870 2851 scripsi
932 2797 1042 2852 μετὰ
1071 2797 1205 2839 ΜαΡ
1339 2800 1393 2837 22
1434 2794 1532 2849 εἰκῆ
1568 2794 1731 2849 scripsi
1793 2791 1862 2848 εἰη

180 2856 316 2899 ΜαΡ
373 2855 495 2899 ἐστὶν
527 2854 738 2898 Hertlcin
812 2854 951 2905 εἴτις
984 2854 1127 2898 Cobet
1177 2855 1182 2909 Ι
1233 2854 1294 2905 ὡς
1325 2852 1476 2911 ἀέρος]
1511 2852 1688 2907 σαθρός
1719 2851 1863 2895 Cobet

297 2918 351 2957 23
386 2930 455 2958 οτι
487 2913 652 2969 scripsi
713 2912 801 2957 οσω
831 2914 964 2957 ΜαΡ
1082 2917 1136 2956 25
1170 2914 1248 2956 καὶ
1280 2913 1453 2956 inserui
1515 2926 1591 2955 om
1618 2913 1755 2956 ΜαΡ
