2010 3168
197 92 304 145 184
665 91 895 136 LIBANII
923 90 1315 137 DECLAMATIO
1346 91 1452 136 XVI

194 231 314 292 λιὰς
339 227 557 298 Ἀθηνᾶ,
587 228 735 298 παρὰ
766 221 919 281 θεῶν
950 225 1228 298 ἐξαίρετον
1259 225 1460 296 ἔχουσα
1493 229 1594 296 τὴν
1620 226 1886 299 Ἀττικήν,

196 315 327 371 οὐδὲ
359 320 429 370 σὺ
459 318 666 386 ταύτην
695 318 802 386 πρὸ
837 317 994 384 δίκης
1032 312 1187 383 εὗρες
1221 317 1322 385 τὴν
1355 317 1583 386 δωρεάν.
1623 315 1888 371 ἐκάθισεν

187 406 485 475 Ἀθηναῖος
523 404 615 458 καὶ
647 406 736 459 σοὶ
769 406 1042 474 δικαστής,
1081 405 1215 473 μετὰ
1247 406 1348 473 τὴν
1379 404 1665 476 Κέκροπος
1696 415 1889 476 ψῆφον

195 493 590 565 ἐστεφανώθης
626 492 717 547 καὶ
758 496 828 547 σὺ
867 502 942 565 τῷ
981 480 1190 566 θαλλῷ.

153 606 171 638 5
309 583 393 636 68.
444 583 807 652 ’Σεμνύνομαι
861 579 923 636 δὲ
975 582 1124 651 κάγὼ
1179 581 1289 650 μετ’
1325 581 1496 652 ’Ἁρην
1545 587 1887 653 κρινόμενος,

195 671 305 741 μετ’
352 673 665 740 Εὐμενίδας
704 672 805 741 οὐχ
836 671 1162 740 ἡττώμενος,
1193 670 1316 741 μεθ’
1358 671 1632 741 “Ηροικλεἀ
1664 673 1888 740 δοκιμα-

195 764 441 831 ζόμενος,
495 762 628 830 μετὰ
681 763 780 814 τὸν
824 762 961 829 Δία,
1015 761 1149 827 μετὰ
1202 761 1305 829 τὴν
1342 757 1603 829 Ἀθηνᾶν.
1660 761 1719 814 ἐν
1773 770 1889 824 τοῖς

195 851 566 918 Κεκροπίδαις
611 849 799 903 ἕπεταί
839 869 934 917 μοι
979 850 1040 903 τὸ
1088 849 1340 918 ἀνάθημα
1385 858 1484 903 τοῦ
1538 853 1755 903 θαλλοῦ
1810 858 1888 923 τῷ

195 939 374 992 πάντα
413 947 656 1008 νικῶντι,
696 940 756 992 τὸ
797 941 1120 1009 νικητήριον
1157 947 1253 1007 τῆς
1290 944 1445 992 θεοῦ.

318 1104 343 1142 3
378 1099 435 1143 cf.
468 1099 739 1155 t.1⁴458‚2;
785 1099 828 1143 11
853 1103 1027 1156 284,13
1172 1104 1198 1142 5
1239 1099 1295 1144 cf.
1329 1101 1361 1143 t.
1386 1099 1429 1142 V
1452 1104 1539 1143 418
1557 1114 1624 1155 sq.
1771 1105 1796 1144 6
1829 1099 1886 1144 cf.

197 1174 242 1215 p.
271 1163 371 1214 134,
391 1162 467 1211 103
501 1163 645 1213 170‚4

319 1313 345 1350 5
376 1304 476 1364 μετ’
513 1307 677 1364 scripsi
749 1307 861 1363 μετὰ
887 1309 976 1351 Μα
1121 1311 1144 1350 7
1184 1309 1292 1364 post
1323 1307 1436 1363 μετὰ
1466 1307 1548 1352 τὸν
1571 1305 1665 1351 Δία
1698 1309 1745 1352 et
1776 1308 1888 1364 μετὰ

199 1366 282 1423 τὴν
307 1364 511 1423 Ἀθηνᾶν
545 1366 799 1423 participia
838 1366 1063 1411 excidisse
1103 1368 1262 1411 censet
1301 1366 1458 1412 Gasda
1600 1372 1626 1410 8
1664 1381 1775 1412 voce
1806 1375 1889 1411 τοῦ

199 1440 354 1468 rursus
385 1425 553 1483 incipit
577 1426 622 1469 P
650 1425 715 1469 fol
740 1430 826 1470 314
