2010 3168
216 99 319 152 196
679 99 909 143 LIBANII
939 100 1330 145 DECLAMATIO
1362 101 1491 145 XVII

210 233 300 288 καὶ
339 236 406 288 τὰ
443 234 677 303 ὑμέτερα
715 236 939 305 πράττει
979 235 1084 289 κάν
1121 244 1185 306 τῇ
1225 238 1381 289 πόλει
1427 236 1530 290 κᾶν
1576 245 1641 307 τῇ
1681 241 1905 310 πυλαία,

211 325 457 392 κρίνεται
505 321 565 376 δὲ
616 323 841 386 ἕκαστος
888 323 946 377 ἐκ
993 332 1093 377 τοῦ
1140 330 1351 394 μισθοῦ
1398 335 1509 378 τῶν
1555 329 1905 396 γραφόντων,

212 413 313 465 οὐκ
345 411 405 465 ἐκ
436 422 548 465 τῶν
579 412 947 480 βεβιωμένων.
990 414 1037 465 7.
1064 412 1328 467 ἐντεῦθεν
1360 414 1412 467 οἱ
1444 414 1546 482 μὲν
1579 414 1636 467 ἐκ
1668 425 1781 468 τῶν
1813 416 1903 484 δη-

209 510 451 568 μοτικῶν
491 502 683 554 οἰκιῶν
729 501 821 554 καὶ
868 497 946 554 ὧν
994 509 1089 570 τῆς
1136 502 1355 564 εὐνοίας
1401 507 1652 556 πλεῖσται
1700 524 1904 574 μαρτυ-

166 611 185 643 5
211 591 342 658 ρίαι,
383 591 584 659 σχεδὸν
625 591 948 659 ἠγνόηνται,
992 589 1414 660 τριταγωνισταὶ
1463 588 1525 644 δὲ
1569 590 1660 644 καὶ
1706 600 1900 646 ναῦται

209 680 298 732 καὶ
323 688 556 750 γραφεῖς
587 679 887 748 τυμπάνων
921 677 1163 747 λέγουσι,
1195 680 1490 749 γράφουσι,
1514 681 1901 750 πρεσβεύουσι,

210 775 606 837 στρατηγοῦσι,
656 772 1088 835 πυλαγοροῦσιν.
1136 769 1168 836 ἡ
1210 765 1258 820 δ’
1305 767 1392 822 ε’πὶ
1440 778 1551 822 τῶν
1602 767 1904 838 ἐκκλησιῶν

212 855 447 924 ἁμαρτία
485 857 684 926 μικρὸν
721 855 957 925 ὕστερον
999 857 1278 925 φαίνεται,
1317 855 1409 910 καὶ
1448 858 1509 910 τὸ
1562 858 1902 926 δεινότατον,

212 945 343 998 οὐδὲ
381 945 683 1014 πάσχοντες
721 942 868 997 τοῦτ’
915 943 1188 1014 ᾕσθησθε.
1252 945 1299 998 8.
1340 948 1633 1016 τεκμήριον
1688 946 1772 1015 δέ,
1820 944 1901 999 ἔτι

143 1056 185 1087 10
214 1032 453 1086 Φωκέων
505 1034 900 1102 θρηνούντων,
956 1036 1034 1086 ἔτι
1080 1043 1192 1086 τῶν
1236 1035 1600 1104 ταλαιπώρων
1648 1036 1902 1100 διοικιζο-

206 1121 389 1189 μένων
426 1120 517 1175 καὶ
557 1132 669 1175 τῶν
707 1121 809 1191 μὲν
849 1123 1193 1190 φευγόντων,
1236 1132 1348 1175 τῶν
1388 1123 1450 1176 δὲ
1489 1123 1902 1193 σφαττομένων,

206 1221 319 1264 τῶν
367 1211 428 1264 δὲ
468 1212 799 1273 Μακεδόνας
845 1213 1190 1280 τρεφόντων,
1244 1209 1335 1263 καὶ
1384 1212 1540 1278 ὑμῶν
1587 1211 1669 1266 ἑνὶ
1723 1214 1900 1285 τούτῳ

206 1301 307 1369 τὴν
347 1301 530 1352 αἰτίαν
568 1307 679 1353 τῶν
720 1299 830 1352 ἐκεῖ
868 1309 1053 1352 κακῶν
1091 1298 1471 1353 ἀνατιθέντων
1509 1301 1599 1354 καὶ
1639 1302 1903 1369 βοώντων

207 1388 372 1441 ε’νίων
411 1386 492 1441 ἐπ’
542 1387 761 1458 ἀγορᾶς,
794 1387 868 1450 ὡς
899 1387 965 1440 οὐ
998 1389 1064 1440 τὰ
1095 1388 1236 1441 ὅπλα
1273 1390 1554 1441 Φιλίππου
1586 1390 1683 1452 τὰς
1714 1392 1902 1452 πόλεις

143 1498 185 1531 15
211 1477 510 1546 ἀπώλεσεν,
551 1475 667 1530 ἀλλ’
715 1478 771 1529 αἱ
811 1478 1067 1529 πείσασαι
1113 1482 1400 1545 καθῆσθαι
1446 1478 1546 1530 τὸν
1593 1479 1770 1546 δῆμον
1816 1477 1901 1531 ἐλ-

117 1571 237 1614 RIII
253 1575 340 1614 400
386 1567 542 1628 πίδες
587 1563 679 1618 καὶ
725 1565 785 1618 τὸ
827 1567 1083 1634 ψήφισμα
1132 1563 1398 1628 δέξασθαι
1438 1567 1498 1618 τὸ
1547 1568 1838 1619 Φωκεῦσιν
1890 1564 1895 1638 Ι

325 1687 349 1724 2
382 1680 735 1737 Dem.p.722‚2
858 1686 883 1723 5
918 1681 974 1724 of.
1000 1695 1045 1736 p.
1065 1685 1245 1735 236,13.
1278 1681 1408 1725 Dem.
1428 1696 1473 1737 p.
1494 1686 1683 1737 270‚11;
1717 1686 1896 1736 297,26.

204 1740 358 1797 Apoll.
376 1739 541 1784 Aesch.
559 1754 606 1795 p.
626 1743 704 1791 5,5
732 1741 739 1796 Ι
767 1739 896 1783 Dem.
915 1755 959 1796 p.
978 1744 1250 1795 1231,10sq.
1375 1745 1400 1783 6
1425 1739 1554 1784 Dcm.
1574 1755 1663 1784 cor.
1682 1756 1727 1797 p.
1743 1746 1895 1796 415‚5.

204 1799 358 1856 Apoll.
391 1799 556 1843 Aesch.
583 1814 627 1855 p.
654 1803 695 1853 4,
717 1803 770 1842 16
795 1801 843 1842 οὐ
865 1813 910 1855 p.
937 1804 979 1854 5,
998 1804 1020 1842 1
1146 1803 1200 1842 10
1226 1799 1283 1843 cf.
1308 1801 1342 1842 t.
1366 1799 1430 1843 IV
1455 1803 1555 1853 976,
1574 1804 1651 1853 24,
1685 1805 1824 1854 821,7
1842 1800 1896 1844 R.

204 1859 339 1903 Diod.
367 1858 410 1902 S.
435 1858 540 1902 XVI
559 1862 615 1901 60
739 1863 793 1900 14
825 1858 954 1902 Dem.
987 1857 1092 1902 fals.
1118 1857 1208 1915 leg.
1233 1873 1278 1914 p.
1305 1862 1405 1911 358,
1424 1862 1477 1901 27
1603 1864 1656 1902 15
1690 1859 1747 1902 cf.
1775 1861 1810 1903 t.
1834 1859 1898 1903 IV

207 1923 305 1972 976,
324 1923 380 1961 24
397 1918 451 1961 R.
484 1917 618 1961 Diod.
653 1916 694 1960 S.
721 1917 828 1960 XVI
852 1921 907 1960 59
1042 1921 1095 1961 16
1127 1917 1257 1962 Dem.
1289 1916 1394 1961 fals.
1419 1917 1509 1975 leg.
1542 1933 1587 1973 p.
1614 1922 1715 1973 356,
1735 1922 1788 1961 15
1806 1932 1896 1973 sq.;

206 1982 305 2031 357,
323 1981 349 2021 8
383 1979 430 2021 et
461 1981 516 2020 22
535 1991 602 2033 sq.

326 2086 347 2123 1
382 2077 579 2136 ἡμέτερα
605 2081 699 2124 Ath
740 2082 746 2136 Ι
795 2077 971 2123 πυλαία
1003 2079 1167 2135 scripsi
1201 2093 1256 2123 ex
1281 2080 1519 2123 AthHMa
1551 2093 1656 2123 cum
1686 2078 1895 2123 Iacobsio

205 2140 303 2182 Rev
335 2144 420 2182 426
454 2142 502 2183 ct
532 2138 742 2183 Weiskio
781 2138 892 2195 hyp.
917 2126 980 2182 III
1004 2142 1031 2181 4
1107 2139 1227 2195 πύλη
1253 2140 1299 2183 P
1370 2138 1539 2182 lacuna
1578 2138 1680 2182 Mor
1720 2138 1800 2182 sed
1839 2154 1894 2195 γρ

204 2199 351 2252 πόλει,
385 2197 440 2243 ἴσ.
474 2196 663 2242 Πυλαία
695 2198 745 2241 in
776 2211 929 2255 marg,
962 2198 1030 2241 Re
1062 2198 1143 2241 scd.
1176 2197 1259 2250 ἔξω
1296 2197 1402 2241 coni
1477 2195 1567 2241 κᾶν
1597 2204 1700 2247 ταῖς
1729 2196 1897 2246 πύλαις

205 2257 302 2301 sive
341 2255 432 2300 κᾶν
471 2263 526 2314 τῇ
565 2243 740 2317 πυλαὶᾳ
778 2257 941 2301 Iacobs
980 2258 1086 2312 App
1117 2256 1230 2300 Pors
1256 2261 1340 2300 323
1382 2257 1495 2300 Lecss
1526 2261 1610 2299 212
1650 2255 1779 2299 Anth
1811 2255 1896 2299 Pal

204 2317 268 2359 lII
292 2322 346 2360 83
491 2321 516 2359 2
560 2323 643 2360 τοῦ
681 2316 858 2359 inserui
901 2329 957 2359 cx
987 2317 1226 2360 AthHMa
1303 2330 1378 2360 om
1409 2317 1455 2360 P
1495 2315 1586 2358 cdd
1635 2317 1642 2371 Ι
1692 2312 1894 2372 γραφέν-

203 2392 296 2419 των
336 2375 440 2419 coni
471 2375 538 2418 Re
674 2380 699 2418 3
740 2377 1001 2432 δημοτικῶν
1041 2374 1202 2419 οἰκιῶν
1241 2374 1408 2430 scripsi
1440 2389 1464 2417 e
1490 2374 1676 2419 PHMa
1749 2375 1891 2429 δημο-

206 2432 317 2478 σίων
361 2432 545 2477 οἰκείων
578 2435 671 2478 Ath
746 2432 978 2490 δημοσίων
1021 2433 1164 2478 οἴκων
1207 2434 1297 2476 edd
1439 2438 1467 2476 4
1511 2430 1746 2488 εὐγενείας
1788 2431 1893 2475 coni

204 2492 482 2536 Wernsdorf
508 2492 682 2537 Himcr.
714 2507 758 2548 p.
787 2497 871 2536 735
1016 2497 1041 2536 6
1075 2491 1132 2535 ἴσ.
1165 2499 1360 2549 γναφεῖς
1400 2492 1450 2534 in
1487 2505 1621 2548 marg
1651 2491 1753 2535 Mor

208 2557 230 2595 7
265 2558 568 2607 στρατηγοῦσι
592 2551 757 2608 scripsi
783 2566 837 2595 ex
861 2552 1100 2596 AthHMa
1161 2557 1443 2607 μαρτυροῦσι
1464 2552 1510 2595 Ρ
1530 2550 1620 2593 edd
1741 2553 1766 2592 9
1801 2548 1893 2594 ἔσε-

206 2614 291 2655 σθε
316 2612 459 2655 ΗΜα
486 2613 492 2667 Ι
523 2609 587 2653 ἔτι
617 2611 803 2666 reposui
837 2624 861 2654 c
892 2610 1026 2654 libris
1087 2609 1163 2653 ἐπὶ
1195 2610 1286 2653 edd
1408 2614 1462 2654 10
1499 2606 1694 2652 Φωκέων
1727 2608 1893 2664 scripsi

266 2667 452 2725 φωκέας
482 2668 592 2712 libri
623 2669 726 2712 Mor
802 2667 1020 2719 Φωκαίας
1048 2669 1116 2712 Re
1159 2670 1165 2724 Ι
1206 2672 1493 2725 θρηνοῦντες
1516 2669 1755 2711 AthHMa
1782 2669 1788 2723 1
1816 2667 1893 2711 ἐπὶ

205 2728 306 2771 Mor
337 2729 461 2784 quod
493 2742 594 2771 corr
624 2728 692 2772 Re
836 2733 890 2771 12
930 2736 1020 2772 τῶν
1046 2729 1135 2772 Μα
1175 2728 1255 2771 sed.
1286 2744 1311 2771 τ
1348 2728 1397 2770 in
1435 2740 1511 2770 ras
1543 2725 1612 2769 m2
1662 2729 1667 2782 Ι
1716 2725 1891 2770 τούτων

205 2786 398 2831 AthPH
425 2787 527 2831 Mor
671 2791 724 2829 16
756 2787 806 2830 τὸ
837 2787 1058 2843 ψήφισμα
1094 2786 1281 2842 reposui
1313 2799 1337 2829 c
1368 2785 1500 2829 libris
1533 2784 1623 2828 coll
1655 2785 1771 2828 Dem
1801 2783 1888 2828 1.1.

263 2845 319 2889 τὰ
343 2843 621 2902 ψηφίσματα
646 2845 737 2889 edd
764 2848 770 2902 Ι
797 2846 848 2890 τὸ
872 2846 1062 2900 inserui,
1093 2847 1147 2888 ut
1169 2845 1294 2889 inser
1318 2847 1364 2890 P
1420 2859 1495 2888 om
1519 2845 1758 2889 AthHMa
1788 2842 1891 2886 Mor

264 2905 319 2947 τὰ
351 2904 418 2947 Re
446 2907 452 2961 Ι
482 2903 709 2957 δέξασθαι
738 2905 911 2948 inserui
943 2918 967 2948 e
999 2904 1130 2948 libris
1200 2918 1275 2948 om
1307 2903 1397 2947 edd
