2010 3168
200 112 313 165 330
669 111 898 156 LIBANII
926 111 1320 156 DECLAMATIO
1351 110 1459 156 XXI

200 250 293 301 καὶ
347 249 632 317 εἰωθότες,
687 247 754 300 οὐ
807 247 914 316 γὰρ
960 245 1101 316 (ἂν)
1148 246 1517 317 ἀρνησαίμην,
1572 250 1778 318 χρόνου
1833 247 1898 301 δέ

201 358 354 400 τινος
407 337 646 391 δέονται·
703 339 792 390 δεῖ
842 336 928 405 δέ,
983 330 1159 405 οἶμαι,
1205 338 1419 406 τάχους.
1473 330 1596 390 οἷον
1643 335 1713 392 ἂν
1758 341 1892 390 εἴπω

203 429 449 496 χρήματα
488 428 609 480 δεῖν
648 425 943 495 εἰσφέρειν,
982 429 1153 478 πείσω
1194 425 1312 495 μέν,
1353 426 1536 489 οὐδεὶς
1574 426 1677 494 γὰρ
1718 425 1895 488 οὕτως

204 518 511 585 Ἀθηναίων
554 512 667 569 οὔτ’
715 515 860 585 ὠμὸς
907 513 1020 568 οὔτ’
1068 516 1292 584 ἄπειρος
1338 522 1433 584 τῆς
1482 514 1620 585 ὑπὲρ
1659 524 1771 568 τῶν
1810 515 1893 567 δι-

158 624 178 657 5
205 607 377 658 καίων
409 604 655 673 δαπάνης
687 604 836 667 ὅστις
868 602 938 657 ἂν
967 604 1254 672 τολμήσειε
1284 605 1345 656 τὸ
1380 603 1640 673 ἀνάλωμα
1672 612 1893 672 φυγεῖν,

203 695 251 747 εἰ
290 695 394 763 γὰρ
433 693 573 763 ὑπὲρ
612 702 725 747 τῶν
762 694 1106 762 ἠδικηκότων
1143 693 1285 762 ὑμᾶς
1317 694 1393 756 εἰς
1422 693 1692 746 κίνδυνον
1730 693 1893 760 ἥκον-

201 802 290 845 τες
336 781 682 851 εἰσηνέγκατε
735 782 1061 851 προθύμως,
1127 791 1244 844 πῶς
1302 783 1397 850 ἄν,
1451 778 1540 834 ὅθ’
1597 781 1737 851 ὑπέρ
1792 801 1892 835 του

201 881 314 924 τῶν
365 876 607 925 πολιτῶν
661 870 693 938 ἡ
749 871 991 939 σπουδή,
1045 871 1107 923 τὸ
1163 871 1363 923 δοῦναι
1414 870 1614 940 μικρὸν
1667 869 1894 932 ἕκαστος

203 960 474 1030 ἀργύριον
515 962 709 1030 ζημίαν
748 959 996 1029 ἡγεῖσθε;
1036 957 1178 1027 ἀλλ’,
1219 959 1367 1027 ὁρᾶς,
1407 959 1492 1012 δεῖ
1531 956 1634 1027 μὲν
1671 966 1892 1028 νικῆσαι

132 1069 180 1101 ιο
203 1051 482 1118 ψήφισμα,
536 1051 623 1102 δεῖ
676 1046 737 1101 δὲ
790 1050 920 1111 τοὺς
966 1048 1391 1117 εἰσπράττοντας
1435 1056 1551 1110 τοῖς
1604 1047 1891 1117 ὀφείλουσι

201 1142 537 1207 προσελθεῖν
582 1136 744 1206 <καὶ>
793 1137 1048 1207 πρέσβεις
1103 1135 1328 1191 ἑλέσθαι
1381 1137 1480 1190 τὸν
1533 1137 1709 1205 δῆμον
1763 1139 1893 1199 τοὺς

203 1225 624 1295 διαλεξομένους
675 1227 930 1299 Φιλίππῳ
983 1227 1110 1295 περὶ
1162 1233 1258 1294 τῆς
1311 1225 1662 1297 ἀνθρωπείας
1709 1226 1891 1295 τύχης.

202 1316 420 1384 ἡμερῶν
458 1324 630 1369 ταῦτα
668 1315 830 1369 πέντε
867 1315 901 1384 ἢ
943 1314 1074 1368 δέκα
1112 1315 1145 1384 ἢ
1185 1316 1276 1368 καὶ
1308 1317 1598 1383 πλειόνων,
1635 1317 1779 1385 βαρὺ
1813 1314 1891 1383 δέ,

203 1399 372 1475 οἶμαι,
410 1413 574 1458 τοῦτο
612 1414 728 1467 τοῖς
767 1410 1013 1458 ποθοῦσι
1049 1406 1182 1467 τοὺς
1220 1403 1418 1457 αὑτῶν.

133 1514 179 1546 '15
316 1494 401 1546 22.
441 1492 576 1546 Ἀλλ’
610 1498 742 1546 εἴπω
782 1495 993 1564 τρόπον
1031 1492 1237 1564 ἕτερον,
1269 1492 1329 1555 ὃς
1366 1491 1458 1546 καὶ
1496 1490 1622 1563 παρ’
1662 1493 1892 1556 ἄκοντος

323 1659 348 1698 6
382 1654 440 1699 cf.
471 1669 517 1711 p.
543 1659 643 1709 352,
662 1659 710 1708 33
742 1658 842 1708 351,
863 1659 917 1698 17
936 1668 1003 1710 sq.
1036 1653 1178 1698 Thuc.
1203 1653 1268 1697 111
1294 1658 1362 1708 19,
1382 1659 1404 1696 1

323 1808 345 1846 1
380 1800 441 1846 ἂν
471 1802 646 1846 inserui
683 1817 788 1846 cum
817 1802 1026 1847 Iacobsio
1058 1802 1171 1846 Leciz
1203 1806 1288 1846 104
1321 1802 1418 1846 Rev
1449 1807 1475 1845 4
1509 1802 1557 1846 et
1588 1801 1742 1846 Gasda
1815 1816 1891 1845 om

201 1861 311 1905 libri
344 1861 435 1905 cdd
567 1867 591 1904 2
626 1859 724 1913 οἶος
755 1862 823 1906 Re
953 1866 978 1904 3
1010 1860 1240 1918 πείσωμεν
1264 1862 1321 1906 Η
1326 1862 1383 1906 Ῑ7ι
1442 1859 1658 1916 πείσομεν
1685 1862 1773 1905 Μα

195 1925 229 1963 4
261 1919 457 1966 δικαίων
483 1922 572 1966 Μα
604 1921 685 1964 sed
718 1923 794 1965 δικ
822 1921 871 1964 in
894 1934 970 1965 ras
994 1920 1064 1964 m²
1199 1925 1224 1964 5
1257 1919 1530 1992 τολμήσαιεν
1555 1920 1661 1965 ,HCl
1686 1922 1692 1976 Ι
1721 1927 1891 1977 φαγεῖν

211 1981 268 2025 Vi
291 1980 372 2023 sed
387 1987 563 2051 φυγεῖν
584 1980 634 2024 in
649 1994 784 2037 marg
800 1980 871 2023 m²
992 1985 1016 2023 6
1043 1978 1347 2053 ἠδικηκότων
1358 1980 1477 2035 ὑμᾶς
1500 1977 1528 2035 ἢ
1554 1980 1620 2029 εἰς
1642 1979 1891 2029 κινδύνους

196 2035 493 2084 καθεικότων
533 2038 827 2096 εἰσηνέγκατε
866 2039 1143 2096 προθύμως,
1183 2046 1281 2090 πῶς
1322 2055 1381 2082 αν
1422 2039 1507 2095 οὐχ
1538 2037 1653 2094 ὑπέρ
1685 2054 1766 2082 του
1797 2055 1890 2082 των

199 2101 400 2144 πολιτῶν
443 2098 583 2166 οὔσης
624 2104 707 2154 τῆς
749 2100 956 2155 σπουδῆς
990 2097 1018 2154 ἢ
1058 2098 1109 2142 τὸ
1150 2099 1318 2142 δοῦναι
1342 2123 1397 2130 -—
1422 2097 1479 2154 ἡγ
1455 2100 1633 2153 γεῖσθε,
1677 2097 1781 2140 coni
1821 2097 1889 2141 Re

203 2159 208 2189 ²
245 2156 436 2230 ἥκοντες
459 2157 623 2214 scripsi
648 2172 753 2201 cum
775 2157 986 2201 Iacobsio
1019 2157 1109 2201 coll
1133 2173 1177 2213 p.
1205 2161 1305 2212 352,
1324 2161 1349 2199 3
1428 2154 1617 2207 εἰκότως
1653 2156 1765 2199 libri
1796 2156 1889 2199 edd

321 2221 344 2259 7
377 2214 518 2272 ἤκατε
551 2217 655 2261 coni
686 2217 789 2261 Mor
836 2218 843 2273 Ι
894 2215 974 2260 ὅθ’
1004 2217 1172 2272 scripsi
1203 2231 1226 2259 e
1261 2192 1318 2259 V'i
1378 2217 1462 2274 οὐχ
1488 2215 1777 2260 HVPMaOl
1809 2215 1889 2258 sed

198 2276 251 2319 in
281 2275 369 2319 hoc
400 2276 450 2319 in
484 2273 563 2320 ὅθ’
599 2289 701 2320 corr
730 2275 813 2329 ω’,
846 2276 937 2320 edd
999 2276 1040 2320 εἰ
1078 2275 1183 2318 coni
1216 2274 1372 2319 Gasda
1415 2278 1421 2331 1
1463 2273 1578 2329 ὑπέρ
1609 2290 1691 2318 του
1724 2274 1889 2330 scripsi

200 2337 391 2378 auc'core
423 2335 490 2378 Re
552 2335 667 2390 ὑπὲρ
699 2334 809 2378 libri
833 2334 924 2379 edd
1045 2339 1070 2377 8
1104 2334 1153 2392 ἡ]
1186 2333 1260 2391 ἴση
1285 2334 1390 2378 coni
1422 2333 1583 2376 Iacobs
1607 2333 1718 2377 Lcct
1744 2337 1829 2377 104

199 2393 228 2450 ἡ
263 2393 337 2449 ἴση
366 2393 464 2437 Rev
488 2399 515 2437 4
543 2395 549 2450 Ι
576 2394 628 2438 τὸ
659 2394 847 2450 reposui
882 2407 907 2438 e
938 2393 1072 2437 libris
1103 2396 1158 2436 ut
1189 2393 1292 2437 coni
1325 2393 1391 2436 Re
1428 2394 1475 2436 et
1507 2391 1662 2435 Gasda
1721 2390 1768 2436 τί
1798 2391 1889 2436 odd

258 2450 286 2507 ἢ
315 2453 419 2496 coni
443 2452 605 2497 Iacobs
633 2455 638 2509 Ι
668 2452 856 2503 ἕκαστος
878 2452 1064 2509 reposui
1089 2466 1115 2495 e
1137 2452 1271 2495 libris
1297 2466 1401 2495 cum
1424 2451 1632 2495 Iacobsio
1695 2450 1888 2496 ἕκαστον

197 2511 291 2554 edd
323 2511 481 2556 Gasda
602 2516 626 2555 9
659 2512 751 2570 δεῖ]
784 2519 870 2556 νῦν
905 2513 947 2557 V
1062 2516 1116 2556 10
1148 2509 1427 2567 ψηφίσματα
1461 2511 1505 2555 V
1618 2514 1670 2553 11
1704 2510 1784 2553 καὶ
1814 2510 1887 2553 in-

199 2570 337 2625 serui,
369 2572 423 2614 ut
454 2574 528 2614 δεῖ
556 2568 607 2613 δὲ
640 2571 714 2613 vel
744 2571 826 2614 καὶ
856 2570 1152 2614 inserendum
1185 2570 1289 2614 coni
1322 2569 1478 2613 Gasda,
1549 2583 1625 2612 om
1655 2567 1764 2612 libri
1796 2569 1887 2612 edd

322 2634 373 2672 12
407 2627 709 2684 ἀνθρωπείας
738 2629 925 2686 reposui
957 2644 981 2673 c
1004 2629 1137 2673 libris
1166 2643 1271 2672 cum
1301 2628 1510 2673 Iacobsio
1572 2625 1756 2684 ἀνείσης
1786 2628 1888 2672 Mor

260 2686 422 2746 ἀνίσης
444 2688 512 2732 Re
573 2687 881 2759 ἀνθρωπίνης
906 2688 1063 2732 Gauda
1086 2690 1135 2732 et
1158 2687 1303 2732 Cobet
1331 2687 1429 2731 Coll
1454 2691 1538 2730 288
1662 2691 1714 2729 13
1739 2693 1886 2730 ταῦτα

198 2747 366 2803 scripsi
426 2754 572 2791 ταῦτα
605 2745 631 2802 ἢ
667 2747 723 2790 Vi
792 2745 926 2791 ταῦτ’
960 2745 1324 2803 ἢΗΡῘΙίΜαΟΖ
1354 2747 1445 2790 edd
1588 2749 1643 2788 14
1680 2753 1772 2790 τῶν
1804 2745 1847 2789 V
1875 2747 1881 2802 Ι

198 2806 354 2850 αὐτῶν
394 2805 559 2862 scripsi
597 2819 622 2849 c
655 2806 700 2849 P
773 2807 927 2851 αὐτῶν
959 2805 1273 2851 HVViMaCl
1311 2805 1402 2848 edd
1545 2808 1599 2848 15
1643 2811 1740 2856 πῶς
1777 2805 1885 2848 antio

197 2862 252 2914 ὃς
282 2865 341 2908 Vi
370 2867 418 2909 et
447 2864 574 2909 inser
605 2864 666 2909 V‘
692 2863 746 2920 {⁰
727 2881 777 2914 ος
806 2865 857 2908 in
886 2879 1020 2922 marg
1051 2864 1144 2919 1⁷5²,
1177 2864 1252 2907 dcl
1285 2866 1332 2907 et
1362 2871 1461 2914 πῶς
1492 2877 1705 2919 suprascr
1730 2864 1841 2907 Mc„
1877 2916 1879 2919 r

198 2923 280 2966 καὶ
312 2922 447 2981 παρ’]
474 2921 640 2979 καίπερ
667 2925 810 2968 ΜαΟῖ
