2010 3168
201 112 308 164 378
629 112 857 156 LIBANII
887 112 1278 157 DEGLAMATIO
1310 113 1459 157 XXIII

201 247 543 302 ἀπευθύνειν
598 247 796 302 ἑαυτὸν
851 249 883 318 ἢ
937 250 1039 317 τὴν
1092 247 1419 320 ἐλευθερίαν
1473 248 1562 304 καὶ
1623 252 1724 320 τὴν
1777 262 1888 306 τῶν

192 334 470 406 Ἑλλήνων
516 337 816 406 ἡγεμονίαν
861 336 953 391 καὶ
999 339 1101 407 τὴν
1156 337 1324 402 δόξαν
1377 340 1477 408 τὴν
1527 339 1747 410 ἀγαθὴν
1793 339 1879 411 ἐφ’

197 422 260 494 ἧς
298 425 436 494 ἡμᾶς
475 428 532 480 οἱ
567 430 835 496 πρόγονοι
866 426 1160 480 κατέλιπον
1200 427 1346 490 ὅπως
1379 427 1448 480 ἂν
1479 430 1757 498 σώσωμεν.
1796 432 1886 485 καὶ

197 514 299 584 γὰρ
341 520 470 578 ἴσως
504 511 575 584 ἦν
607 515 696 569 ὅτε
735 517 825 569 καὶ
860 524 1028 569 πᾶσιν
1071 516 1206 585 ὑμῖν
1239 515 1417 570 ἐδόκει
1447 518 1597 571 καλά.
1640 519 1685 573 7.
1718 536 1886 591 παρα-

152 623 171 655 5
197 604 452 673 φροσύνη
490 604 592 672 μὲν
631 601 735 658 οὗν
772 601 842 674 ἦν
881 604 969 658 καὶ
1009 605 1070 658 τὸ
1110 606 1246 674 πρὸς
1285 606 1456 659 ἄλλον
1487 607 1611 659 τινὰ
1641 609 1883 678 πολέμου

197 691 287 745 καὶ
327 693 540 760 ἀγῶνος
580 696 974 762 συνεστηκότος
1014 693 1184 748 αὑτὸν
1224 696 1301 757 εἰς
1338 695 1406 748 τὰ
1450 697 1609 749 κοινὰ
1649 698 1884 767 διδόναι,

195 780 301 849 ἐγὼ
351 780 400 834 δ’
446 781 474 836 ὁ
523 784 748 836 πάντων
803 786 1000 854 ῥᾷστος
1053 784 1144 837 καὶ
1207 786 1462 856 Φιλίππῳ
1518 785 1884 856 διαφέρεσθαι

193 868 286 923 καὶ
325 875 582 940 πολεμεῖν
621 870 873 942 ἐπήρθην
921 871 1012 925 καὶ
1059 873 1157 926 τὸν
1205 874 1383 941 δῆμον
1423 876 1670 943 ἔπειθον,
1722 876 1883 930 ὁπότε

193 979 246 1012 τι
284 970 396 1013 τῶν
433 970 639 1014 κοινῶν
678 960 710 1029 ἢ
750 971 861 1014 τῶν
885 960 1220 1030 Ἑλληνικῶν
1252 961 1435 1034 ὁρςόην
1466 961 1883 1034 ἐλαττούμενον,

129 1069 170 1101 ιο
194 1052 402 1116 τολμᾶν
455 1048 680 1103 ἐναντία
732 1051 994 1119 πράττειν
1046 1058 1121 1123 τῷ
1175 1054 1393 1120 βασιλεῖ
1452 1059 1529 1124 τῷ
1582 1057 1730 1125 καλῷ
1791 1053 1882 1108 καὶ

193 1137 387 1211 ἀγαθῷ
413 1140 503 1192 καὶ
532 1140 738 1202 παντὸς
768 1143 979 1209 μᾶλλον
997 1138 1225 1209 ’Έλληνι
1255 1139 1346 1194 καὶ
1380 1143 1573 1213 δικαίῳ
1610 1144 1881 1215 Φιλίππῳ.

179 1226 381 1297 Ἕλλην
427 1229 557 1299 γάρ,
590 1228 819 1298 ’Έλλην,
869 1234 1102 1299 Ἀργεῖος
1149 1230 1222 1293 ὡς
1268 1230 1516 1299 ἀληθῶς,
1565 1233 1882 1302 Τημενίδης,

184 1315 556 1386 Ἡρακλείδης.
598 1322 738 1391 ἔργῳ
779 1327 948 1372 ταῦτα
988 1321 1161 1388 δηλοῖ.
1204 1319 1252 1373 8.
1291 1320 1467 1372 πολλὰ
1499 1316 1601 1388 μὲν
1638 1316 1740 1373 οὗν
1771 1321 1879 1374 ὑπὸ

190 1407 392 1475 τόλμης
438 1405 527 1460 καὶ
580 1409 903 1477 προπετείας
942 1403 1099 1461 εἶπον
1150 1408 1250 1477 οὐχ
1303 1406 1437 1477 ἡδέα
1483 1408 1696 1481 ἐκείνῳ,
1744 1408 1881 1463 ἀλλὰ

126 1517 165 1548 15
193 1495 284 1548 καὶ
345 1496 575 1566 ῥήτορος
635 1497 724 1550 καὶ
780 1496 1082 1567 ἀνθρώπου
1140 1497 1437 1560 πεπονθὼς
1488 1498 1681 1560 πάθος.
1744 1497 1772 1551 ὁ
1822 1497 1881 1551 δ’

191 1581 259 1652 ἦν
307 1583 452 1638 ἑλεῖν
498 1582 599 1655 μὲν
655 1579 739 1649 οἷς
796 1586 1151 1656 ἐπιχειρήσειε
1207 1584 1297 1639 καὶ
1343 1594 1608 1657 κρατῆσαι
1658 1587 1880 1641 πάντων

134 1744 137 1745 ⁷
192 1675 530 1743 δεινότατος,
579 1673 718 1728 ἑλὼν
766 1672 826 1728 δὲ
865 1676 1135 1745 καὶέχων
1173 1674 1573 1737 ἐπιεικέστατος
1619 1674 1709 1729 καὶ
1747 1678 1879 1745 πρό-

189 1783 370 1832 χειρος
422 1762 554 1835 ἐλέῳ
618 1765 815 1817 δοῦναι
876 1765 966 1817 καὶ
1029 1765 1442 1836 φιλανθρωπίᾳ.
1513 1763 1609 1833 ἐμέ
1665 1763 1714 1833 γ’
1777 1761 1880 1818 οὗν

310 1914 362 1953 11
395 1910 500 1954 Her.
526 1910 634 1954 VIII
661 1914 758 1954 138.
792 1910 936 1954 Thuc.
961 1910 1003 1953 H
1029 1914 1098 1965 99,
1117 1915 1142 1953 2
1267 1915 1319 1954 12
1354 1910 1411 1954 cf.
1444 1926 1487 1967 p.
1516 1914 1615 1966 283,
1636 1915 1689 1954 14

307 2050 334 2087 4
373 2044 482 2100 ἡμῖν
510 2046 597 2088 Ma
740 2049 765 2087 5
804 2044 856 2088 τὸ
898 2058 973 2087 om
998 2046 1043 2089 B
1187 2049 1211 2087 6
1246 2044 1390 2088 αὐτὸν
1415 2045 1468 2087 H
1476 2045 1645 2088 VaPar
1787 2048 1810 2086 7
1853 2043 1876 2087 ὁ

189 2102 378 2147 πάντων
403 2106 449 2147 P
477 2104 558 2147 sed
591 2117 646 2147 ex
678 2102 899 2147 ἁπάντων
931 2117 1006 2147 ras
1039 2117 1151 2158 corr,
1187 2104 1276 2147 edd
1353 2103 1574 2148 ἁπάντων
1600 2103 1651 2146 H
1661 2104 1878 2148 VVaPar

192 2163 280 2206 Ma
347 2162 538 2207 πάντων
563 2165 607 2207 Β
643 2166 648 2220 Ι
690 2161 914 2219 φίλιππος
947 2165 1015 2208 Va
1077 2161 1304 2218 φίλιππον
1338 2177 1361 2206 e
1395 2160 1622 2218 φιλίππου
1655 2176 1755 2207 corr
1777 2164 1877 2206 Par

307 2225 333 2264 8
365 2221 548 2277 ἐπήρθη
574 2224 632 2266 Η
769 2226 793 2264 9
836 2221 988 2279 ὁρῴην
1029 2222 1192 2278 scripsi
1233 2224 1420 2266 auctore
1451 2221 1661 2266 Weiskio
1694 2221 1801 2278 Hyp
1833 2221 1875 2264 II

188 2285 242 2323 47
308 2279 427 2334 ὅρων
458 2276 516 2338 ἦν
540 2281 649 2324 libri
675 2281 764 2325 edd
889 2287 942 2324 10
974 2284 1149 2337 τολμῶν
1175 2283 1233 2325 H
1239 2282 1501 2325 VVaBPar
1622 2285 1675 2323 12
1709 2280 1768 2332 ὡς
1800 2294 1875 2324 om

198 2341 414 2384 VaBPar
458 2343 465 2396 Ι
514 2338 759 2396 τημενίὃης
785 2343 882 2385 Par
914 2341 994 2384 sed
1025 2342 1126 2396 η(1)
1159 2354 1215 2384 ex
1247 2356 1267 2384 ε
1301 2354 1401 2384 corr
1431 2339 1501 2383 m²
1622 2344 1675 2383 13
1709 2339 1732 2383 ὁ
1766 2340 1874 2383 ante

191 2396 462 2455 ἡρακλείὸης
486 2401 539 2444 Η
551 2401 589 2442 V
617 2400 697 2443 sed
729 2399 778 2442 in
808 2399 896 2444 hoc
929 2413 1045 2453 eras,
1078 2400 1295 2444 VaBPar
1439 2403 1493 2442 14
1524 2404 1606 2454 τῆς
1637 2400 1745 2442 ante
1775 2397 1873 2442 τόλ-

187 2475 273 2513 μης
299 2459 435 2503 MaP
463 2458 553 2502 edd
615 2458 763 2502 delevi
806 2461 811 2514 Ι
855 2457 969 2502 ἀλλὰ
1009 2458 1172 2514 scripsi
1204 2460 1391 2502 auctore
1429 2458 1637 2502 Iacobsio
1679 2457 1783 2500 Add
1818 2462 1871 2500 13

187 2517 299 2561 Lech
333 2522 415 2560 105
448 2517 544 2561 Rev
569 2522 594 2560 5
627 2517 754 2560 Anth
784 2517 871 2561 Pal
901 2517 963 2561 III
993 2522 1075 2560 151
1141 2517 1279 2562 ἄλλου
1310 2517 1418 2561 libri
1451 2518 1541 2560 cdd
1574 2517 1654 2560 sed
1686 2517 1870 2571 ἀνθρώ-

186 2592 278 2620 που
318 2577 396 2620 καὶ
429 2573 621 2631 ῥήτορος
651 2577 911 2631 ἀνθρώπου
944 2578 1196 2628 πεπονθὼς
1220 2579 1428 2632 (spossus
1452 2591 1518 2630 ea,
1550 2590 1662 2633 quae
1684 2577 1872 2629 homini,

187 2641 228 2680 et
269 2637 389 2691 quod
426 2637 577 2680 maius
619 2641 702 2689 est,
745 2636 919 2679 homini
960 2637 1132 2680 evenire
1169 2637 1324 2689 solent,
1364 2642 1586 2680 oratorem
1623 2635 1869 2690 publicum,

187 2695 556 2748 concionatorem,
595 2695 795 2752 ayencffi)
829 2694 1122 2738 scribendum
1155 2694 1258 2739 coni
1289 2695 1356 2738 Re
1429 2691 1530 2738 ἀλλ’
1566 2690 1649 2737 οὖν
1681 2693 1871 2736 Weiske

186 2753 295 2810 Hyp
327 2754 367 2796 II
400 2759 454 2796 47
533 2753 672 2797 λάλου
705 2752 850 2797 Cobet
882 2752 979 2796 Coll
1014 2758 1098 2796 288
1244 2759 1298 2798 15
1330 2753 1480 2809 καὶ(2)
1513 2754 1560 2796 eb
1591 2767 1647 2796 πε
1678 2754 1872 2802 πονθὼς

187 2826 261 2855 om
279 2813 605 2857 HVVaBPar
632 2814 638 2868 Ι
668 2809 690 2855 ὅ
716 2811 763 2855 δ’
784 2813 983 2856 HVPar
1042 2811 1066 2856 ὃ
1093 2810 1137 2857 δ’
1166 2814 1233 2857 Va
1355 2818 1407 2856 16
1434 2810 1494 2856 ἂν
1519 2814 1627 2855 ante
1645 2811 1871 2868 ἐπιχειρή-

188 2884 276 2915 σειε
300 2871 595 2915 inserendum
621 2871 725 2915 coni
748 2870 909 2915 Iacobs
934 2871 1047 2915 Lect
1073 2876 1156 2914 105
1182 2872 1277 2915 Rev
1303 2876 1327 2914 5
1356 2874 1362 2928 Ι
1391 2878 1615 2927 κρατῆσαι
1647 2870 1810 2926 scripsi
1878 2907 1882 2910 ,

187 2929 430 2985 κρατήσειν
448 2930 555 2974 libri
581 2930 670 2974 edd
696 2931 776 2974 sed
805 2931 987 2987 „malim
1011 2934 1221 2984 κρατεῖνδι
1243 2931 1308 2974 Re
1432 2934 1486 2974 18
1511 2937 1623 2986 γοῦν
1641 2929 1695 2971 Η
1703 2930 1870 2973 VaPar
