2010 3168
251 84 360 136 270
649 100 651 102 ·
716 83 943 128 LIBANII
973 83 1362 129 DEGLAMATIO
1393 83 1500 128 XIX

251 221 455 271 λοῦσα
494 217 563 270 δὲ
600 218 704 271 καὶ
755 219 1001 281 πόλεως
1046 218 1152 272 καὶ
1199 220 1409 288 χώρας
1454 221 1607 282 τοὺς
1638 217 1947 288 Ἀθηναί-

251 326 364 368 ους
423 313 538 358 τοῦ
591 303 795 375 μηδὲν
849 306 1121 370 ἀνάξιον
1173 308 1527 376 ὑπομεῖναι
1583 306 1786 376 δόξης.
1839 306 1944 361 καὶ

250 402 452 447 ταῦτα
499 393 642 464 ᾔδει
691 399 902 458 καλῶς
942 395 1249 449 ὁτούτου
1294 398 1620 466 πρόγονος
1651 394 1946 460 Ἀλέξαν-

251 484 406 553 δρος
453 482 520 546 ὃς
566 491 887 538 τοσοῦτον
937 484 1172 553 ἀπέσχε
1226 493 1342 538 τοῦ
1396 487 1628 554 λαβεῖν
1681 505 1743 538 τι
1795 482 1938 555 παρ’

161 577 380 621 RIV243
427 572 607 642 ὑμῶν
654 573 815 626 ὥστε
858 572 1073 644 φέρων
1112 575 1223 636 τὰς
1263 574 1543 643 μεγάλας
1573 573 1893 642 βασιλέως
1935 571 1941 645 Ι

207 661 496 730 ιδωρεάς
558 662 747 727 μόλις
809 661 1094 726 ἐσώζετο.
1159 662 1207 715 8.
1245 663 1519 725 τοιούτοις
1571 660 1662 715 καὶ
1716 658 1944 724 πολλοῖς

253 748 458 820 ἑτέροις
496 750 831 819 διενοούμην
870 753 1057 819 λόγοις
1094 757 1170 823 τῷ
1210 752 1599 805 κινδυνεύοντι
1643 757 1946 819 συνειπεῖν,

251 837 398 910 ᾤμην
429 839 534 908 γὰρ
568 838 597 892 ὁ
628 839 856 908 μάταιος
888 837 994 906 ἐγὼ
1027 841 1088 893 τὸ
1120 841 1290 893 κακὸν
1322 838 1403 908 ἐφ’
1438 839 1628 908 ἕτερον
1657 839 1943 908 φέρεσθαι.
2005 830 2007 833 ’

250 931 430 981 καίτοι
483 923 535 994 μ’
597 927 765 997 ἐχρῆν
825 927 1000 990 εὐθὺς
1061 928 1374 982 ἀκούσαντα
1434 931 1492 981 τί
1546 926 1664 981 ποτ’
1732 925 1853 981 ἔσθ’
1915 927 1946 980 ὃ

185 1038 227 1071 ιο
252 1019 539 1084 ζητοῦντες
577 1017 812 1084 ἥκουσιν
843 1015 1080 1086 ἐμαυτὸν
1121 1016 1351 1070 ἐλπίσαι.
1391 1018 1569 1070 πολλὰ
1614 1018 1719 1086 γὰρ
1770 1012 1842 1084 ἦν
1878 1018 1945 1070 τὰ

249 1112 519 1158 ποιοῦντα
579 1105 787 1172 ταύτην
840 1106 942 1172 τὴν
1001 1103 1222 1174 ἐλπίδα,
1283 1108 1519 1172 πόλεμος
1573 1105 1805 1175 ῥήτορος
1857 1106 1948 1158 καὶ

250 1195 547 1265 τυράννου,
585 1192 785 1263 μακροὶ
819 1195 978 1262 λόγοι
1010 1192 1101 1246 καὶ
1134 1195 1390 1263 λυπηροί,
1429 1197 1754 1263 ψηφίσματα
1789 1197 1949 1264 μαχό-

250 1302 386 1349 μενα
425 1292 544 1345 ταῖς
576 1282 914 1351 ἐπιβουλαῖς,
944 1285 1229 1352 πρεσβεῖαι
1260 1286 1478 1351 πολλαί,
1509 1286 1743 1353 χρυσίον
1780 1284 1946 1354 ὑπερ-

251 1371 458 1440 οφθέν,
517 1382 631 1425 τῶν
692 1374 1001 1441 εἰληφότων
1069 1375 1303 1441 κρίσεις,
1374 1373 1700 1441 δημηγορίαι
1771 1373 1947 1442 δῆμον

186 1482 227 1516 15
253 1459 533 1530 ἀργοῦντα
558 1460 952 1532 ἐπεγείρουσαι.
994 1462 1041 1514 9.
1065 1470 1182 1522 πῶς
1207 1456 1311 1513 οὖν
1333 1460 1474 1530 (cliv)
1499 1458 1589 1530 ἐμὲ
1620 1462 1948 1530 παραλιπὼν

252 1548 460 1612 ἐκεῖνος
498 1548 578 1603 ἐπ’
627 1551 797 1603 ἄλλον
835 1546 954 1619 ἧκες
993 1553 1051 1602 τί
1087 1551 1172 1603 δεῖ
1209 1550 1275 1602 τὰ
1312 1551 1490 1603 πολλὰ
1531 1549 1733 1620 λέγειν;
1789 1546 1946 1603 εἷπον

251 1640 310 1690 οἱ
358 1638 613 1708 πρέσβεις
666 1639 803 1708 πρὸς
855 1638 1017 1708 ὑμᾶς·
1073 1639 1334 1708 ἥκομεν,
1389 1634 1431 1691 ὦ
1480 1639 1720 1708 ἄνδρες
1758 1635 1947 1706 Ἀθη-

250 1736 455 1795 ναῖοι,
497 1726 943 1795 Δημοσθένην
987 1728 1102 1780 τὸν
1150 1726 1399 1797 ἐχθρὸν
1447 1735 1562 1780 τοῦ
1617 1731 1945 1781 Φιλίππου

253 1818 614 1884 ληψόμενοι
676 1814 816 1886 παρ’
878 1815 1074 1883 ὑμῶν.
1131 1817 1291 1868 δότε.
1347 1813 1497 1868 ταῦτ’
1548 1815 1787 1879 ἀκούσας
1841 1816 1945 1884 ἐγὼ

187 1926 230 1958 20
253 1906 383 1966 τοὺς
421 1901 523 1973 μὲν
561 1906 761 1972 λόγους
800 1897 883 1967 οἷς
913 1903 983 1957 ἂν
1017 1906 1186 1957 ἄλλον
1217 1902 1422 1969 ἔσωζον
1453 1905 1748 1973 ἀφθόνους
1783 1906 1946 1967 ὄντας

251 1993 534 2062 <χαίρειν>
573 1998 704 2046 εἴων
750 1995 1020 2062 φορτικὸν
1067 1994 1370 2062 ἡγούμενος
1415 1990 1553 2063 ὑπὲρ
1602 1992 1842 2062 ἐμαυτοῦ
1880 2012 1946 2061 με

375 2129 397 2167 1
433 2123 601 2168 cf.t.V
625 2128 726 2176 477,
746 2129 771 2167 6
895 2129 920 2166 2
953 2124 1011 2168 cf.
1037 2139 1082 2181 p.
1102 2127 1237 2178 207‚4
1359 2129 1386 2167 4
1411 2123 1531 2180 efip.
1554 2127 1804 2178 208‚10sq.
1837 2122 1944 2166 Her.

251 2182 358 2227 VIII
384 2188 489 2237 1433
522 2184 627 2238 Lyo.
662 2182 818 2226 Leocr.
844 2187 868 2236 ξ
897 2188 947 2226 71
1090 2187 1144 2231 10
1185 2184 1242 2226 cf.
1275 2182 1377 2226 511
1413 2187 1548 2237 32‚6;
1596 2185 1628 2226 t.
1654 2182 1718 2225 IV
1743 2182 1948 2236 259,εῇ

375 2247 427 2286 15
462 2243 519 2287 cf.
552 2245 586 2286 t.
617 2242 682 2286 IV
707 2247 807 2297 255,
828 2246 903 2295 103
939 2242 1172 2295 298‚1·2R
1295 2246 1348 2285 16
1382 2242 1439 2285 cf.
1471 2257 1516 2298 p.
1543 2246 1684 2295 214‚6

373 2365 397 2402 2
438 2360 518 2403 καὶ
550 2362 659 2403 ante
696 2367 780 2403 τοῦ
811 2359 921 2403 libri
954 2361 1043 2404 edd
1107 2359 1257 2403 delevi
1290 2362 1477 2403 auctore
1511 2358 1683 2403 Cobeto
1717 2359 1820 2404 coll.
1845 2361 1878 2403 t.
1904 2358 1946 2402 Π

254 2421 421 2472 286‚2;
461 2423 658 2473 551‚23;
697 2418 760 2461 IV
797 2423 991 2474 163,15;
1035 2418 1073 2461 V
1100 2423 1213 2474 16‚3
1289 2418 1405 2473 ὑπὲρ
1446 2418 1549 2462 coni
1580 2417 1758 2473 Iacobs,
1790 2414 1944 2462 καίτοι

253 2477 354 2520 Mor
396 2478 477 2533 qui
517 2477 655 2520 simul
695 2477 911 2522 adnotat.
956 2479 1078 2533 „Hic
1116 2478 1286 2522 lacuna
1317 2483 1380 2522 est
1415 2479 1466 2520 in
1500 2477 1711 2521 Graecis“
1756 2477 1830 2520 de‘
1852 2492 1946 2532 qua

254 2536 396 2580 etiam
421 2536 744 2609 cogitaverunt
769 2513 975 2580 8111181113
1001 2538 1048 2580 et
1073 2535 1229 2580 Gasda
1350 2541 1374 2579 3
1409 2534 1509 2594 ῄὸει
1542 2536 1706 2591 scripsi
1731 2550 1836 2580 cum
1861 2535 1944 2580 Co-

253 2595 363 2640 beto
434 2592 522 2654 ᾔδη
554 2596 649 2639 Ath
679 2595 782 2639 Mor
858 2595 948 2651 ἤδη
974 2597 1021 2640 P
1047 2595 1115 2639 Re
1260 2600 1313 2639 15
1347 2596 1582 2652 ἀργοῦντα
1614 2595 1778 2650 scripsi
1839 2596 1944 2648 ἀερ-

254 2661 427 2710 γοῦντα
458 2654 567 2726 libri
600 2654 691 2697 edd
740 2658 746 2708 Ι
797 2672 856 2699 αν
888 2654 1062 2697 inserui
1095 2668 1198 2697 cum
1232 2653 1387 2698 Gasda
1463 2667 1538 2696 om
1569 2652 1679 2696 libri
1713 2654 1804 2697 edd

255 2718 309 2756 16
353 2714 433 2756 καὶ
470 2711 515 2756 τί
554 2715 628 2757 δεῖ
663 2712 808 2756 πολλὰ
847 2712 1016 2781 λε’γεινς
1066 2714 1171 2756 coni
1211 2712 1367 2756 Gasda
1406 2715 1455 2756 at
1493 2711 1550 2755 cf.
1583 2726 1627 2767 p
1655 2717 1755 2766 214,
1775 2717 1801 2755 6

254 2777 310 2815 20
341 2773 449 2822 τοὺς
481 2771 563 2828 μὲν
595 2770 758 2828 λόγους
789 2772 954 2827 scripsi
986 2771 1252 2815 auctoribus
1284 2772 1494 2815 Iacobsio
1525 2770 1639 2814 Lech
1671 2776 1752 2815 101
1787 2772 1884 2814 Rev
1916 2774 1942 2814 3

253 2832 301 2875 eb
333 2829 489 2874 Gasda.
549 2838 646 2880 τοῖς
677 2829 760 2886 μὲν
792 2829 946 2886 λόγοις
974 2831 1084 2874 libri
1118 2831 1208 2874 edd
1330 2835 1383 2874 21
1418 2828 1598 2887 χαίρειν
1630 2830 1805 2873 inserui
1837 2843 1941 2873 cum

254 2888 410 2932 Gasda
473 2903 547 2932 om
571 2889 681 2933 libri
707 2889 796 2933 edd
825 2893 831 2945 1
859 2905 911 2945 με
939 2889 1187 2933 delendum
1213 2890 1370 2932 censet
1386 2889 1548 2932 Iacobs
1566 2887 1678 2932 Lect
1704 2893 1785 2932 101
1805 2889 1941 2931 Rev3
