2010 3168
232 94 304 147 30
684 95 910 140 LIBANII
940 95 1331 141 DECLAMATIO
1363 96 1470 140 XIII
1531 106 1534 109 ’

232 233 417 299 λείπω,
455 233 587 294 τοὺς
623 234 893 300 χθονίους
932 232 1223 300 δαίμονας,
1274 224 1356 295 οἷς
1401 229 1571 286 οὐδὲν
1613 243 1727 286 τῶν
1764 254 1920 301 νομι-

232 318 472 388 ζομένων
503 319 736 389 ἐγένετο,
763 322 860 383 τὰς
891 322 1070 390 ψυχὰς
1100 330 1212 373 τῶν
1244 319 1646 374 ἀποθανόντων
1683 322 1920 391 μηδενὸς

231 405 309 461 ὧν
348 409 434 462 δεῖ
470 410 760 479 τυχούσας,
800 411 930 472 τοὺς
968 408 1029 462 ἐν
1068 409 1304 472 ἀπάσαις
1340 417 1460 472 ταῖς
1496 412 1692 463 πόλεσι
1728 412 1918 481 θεούς,

229 491 312 558 οἷς
350 493 503 550 οὗτοι
541 499 674 565 μετὰ
711 507 882 551 ταῦτα
919 501 1215 568 προσίασιν
1253 496 1467 566 ἐναγεῖς
1504 502 1809 568 γεγονότες,
1847 499 1920 568 ἣν

183 606 202 639 5
226 585 456 639 πλέουσι
501 587 808 655 θάλατταν,
856 587 974 655 ἥτις
1019 585 1270 640 οὐδέποτ’
1324 586 1395 640 ἂν
1442 587 1642 651 αὐτοὺς
1682 588 1918 642 ἐκκαθά-

227 663 397 742 ρειεν,
445 675 617 727 αὐτὸν
662 677 761 728 τὸν
808 676 1063 729 Ποσειδῶ
1111 671 1179 729 οὗ
1224 677 1327 744 τὴν
1380 675 1538 744 λῆξιν
1582 679 1917 746 μιαίνουσιν.

338 763 424 815 36.
475 761 613 817 Ἀλλ’
674 765 748 827 ὡς
809 765 910 833 μὲν
971 765 1073 818 οὐκ
1133 765 1302 833 ἀσεβῆ
1365 763 1456 817 καὶ
1519 766 1674 818 δεινὰ
1727 774 1917 835 ταῦτα,

226 853 274 903 εἰ
319 853 410 905 καὶ
457 854 675 922 σφόδρα
722 851 829 906 εἰσὶ
877 851 1049 907 δεινοὶ
1093 852 1298 921 λέγειν,
1338 854 1441 906 οὐκ
1479 853 1550 906 ἂν
1589 853 1916 909 ἀντείποιεν.

228 946 356 1002 ἴσως
397 938 443 993 δ’
491 941 693 1004 αὐτοὺς
732 944 862 1004 τοὺς
912 943 1292 1011 ταλαιπώρους
1333 943 1706 1005 Ποτιδαιάτας
1745 945 1915 996 αἰτιά-

158 1052 201 1083 10
226 1043 418 1082 σονται
478 1031 568 1083 καὶ
636 1028 762 1101 παρ’
832 1030 1077 1094 ἐκείνους
1145 1033 1424 1100 φήσουσιν
1493 1026 1636 1085 εἶναι
1703 1033 1770 1085 τὰ
1829 1053 1916 1102 μι-

224 1117 436 1187 άσματα
481 1122 610 1182 τοὺς
657 1119 973 1187 ἁψαμένους
1018 1119 1217 1173 αὑτῶν.
1265 1127 1428 1173 τοῦτο
1471 1122 1576 1189 γὰρ
1617 1122 1813 1174 λοιπὸν
1851 1123 1915 1175 τὸ

221 1208 361 1277 πρὸς
415 1201 498 1270 οἷς
549 1210 863 1261 πεπόνθασι
913 1209 1003 1261 καὶ
1057 1209 1157 1277 τὴν
1211 1210 1396 1261 αἰτίαν
1455 1209 1639 1262 αὐτῶν
1693 1208 1914 1277 ἐνέγκα-

224 1302 372 1349 σθαι.
411 1295 518 1364 ἐγὼ
560 1294 607 1349 δ’
655 1297 729 1360 ὡς
767 1295 868 1366 μὲν
907 1296 1030 1366 οὐχὶ
1068 1297 1313 1351 κάκεῖνοι
1345 1299 1606 1365 γεγόνασι
1645 1297 1737 1351 καὶ
1770 1297 1915 1352 εἰσὶν

224 1384 437 1453 ἐναγεῖς
490 1388 623 1454 μετὰ
677 1387 933 1449 τοιαύτας
986 1387 1223 1455 τροφάς,
1279 1386 1381 1439 οὐκ
1436 1386 1717 1455 ἀντιλέγω.
1773 1386 1914 1456 λέγω

156 1497 198 1530 15
221 1474 410 1540 μέντοι
443 1483 605 1528 τοῦτο
638 1475 774 1530 αὐτὸ
806 1478 1026 1542 μείζονα
1058 1477 1284 1544 ἔλεγχον
1315 1468 1458 1528 εἶναι
1481 1483 1576 1544 τῆς
1593 1474 1911 1544 Ἀθηναίων

222 1562 483 1630 ἀσεβείας.
547 1565 594 1617 εἰ
647 1566 751 1634 γὰρ
807 1561 943 1633 μηδὲ
997 1565 1055 1617 015
1104 1563 1431 1633 βιασθέντες
1492 1565 1598 1618 εἰσὶ
1655 1567 1914 1634 καθαροί,

220 1661 334 1714 πῶς
381 1654 435 1705 οἱ
481 1653 1013 1720 καταναγκάσαντες;
1060 1652 1152 1705 καὶ
1199 1655 1250 1705 εί
1293 1655 1423 1715 τοὺς
1470 1652 1796 1721 ἐλεηθέντας
1842 1652 1914 1706 ἂν

222 1742 445 1804 δικαίως
483 1742 589 1794 ὑπὸ
627 1741 854 1795 πάντων
895 1739 981 1810 ἐφ’
1027 1734 1109 1804 οἷς
1155 1741 1433 1810 ἠτύχησαν
1485 1741 1788 1808 ἀναγκαῖον
1825 1762 1911 1810 μι-

220 1838 357 1898 σεῖν,
395 1840 509 1893 πῶς
549 1830 614 1882 οὐ
654 1830 887 1892 τούτους
924 1829 1096 1883 πλέον
1135 1833 1193 1883 οἳ
1227 1829 1515 1892 κάκείνους
1563 1831 1641 1892 εἰς
1689 1832 1750 1882 τὸ
1790 1831 1912 1896 μία-

155 1942 197 1974 20
223 1933 331 1987 σμα
368 1921 746 1988 προσήγαγον;
800 1917 886 1971 37.
927 1918 1108 1986 ὥσπερ
1157 1917 1243 1986 δέ,
1291 1915 1467 1987 οἶμαι,
1513 1926 1628 1980 τοῖς
1673 1926 1910 1987 μανεῖσι,

219 2006 323 2059 κᾶν
368 2009 435 2060 τὰ
481 2006 707 2076 μέγιστα
756 2006 1075 2077 ἐξαμαρτεῖν
1121 2012 1508 2077 προαχθῶσιν,
1561 2007 1663 2059 οὐκ
1709 2006 1911 2075 αὐτοῖς,

219 2096 357 2148 ἀλλά
395 2104 460 2165 τῇ
500 2099 668 2166 μανίᾳ
707 2096 800 2158 τὰς
847 2095 1111 2166 ἁμαρτίας
1157 2094 1532 2165 προφέρομεν,
1582 2094 1724 2147 οὕτω
1772 2091 1909 2163 μηδὲ

337 2246 364 2284 4
404 2240 518 2284 Xen.
552 2255 714 2284 comm.
741 2241 868 2290 1118,
891 2246 943 2284 10
1087 2247 1113 2283 5
1153 2240 1258 2284 Din.
1292 2254 1355 2283 or.
1379 2240 1421 2283 II
1454 2245 1478 2292 ξ
1505 2245 1529 2282 5
1677 2245 1731 2282 11
1777 2239 1906 2283 Dem.

220 2299 386 2343 Neaer.
419 2315 468 2356 p.
495 2305 622 2351 1374,
643 2306 693 2343 11
820 2305 873 2342 22
907 2300 1038 2344 Dem.
1071 2315 1115 2356 p.
1143 2305 1242 2352 576,
1262 2304 1315 2343 13

338 2437 363 2475 3
390 2430 442 2477 δὲ
466 2435 574 2488 post
588 2434 697 2482 τοὺς
716 2434 833 2478 OrH
890 2431 934 2475 δ’
958 2432 1218 2476 BViMaCl
1337 2437 1364 2474 4
1391 2430 1470 2482 οὓς
1489 2432 1593 2476 HV
1614 2431 1619 2488 Ι
1647 2437 1907 2488 μεταταῦτα

217 2492 356 2535 ΒΜα
383 2494 389 2545 1
416 2498 663 2545 προσιᾶσιν
690 2492 858 2536 BVioz
979 2497 1002 2534 7
1029 2488 1114 2535 οὖν
1138 2491 1240 2534 Mor
1361 2495 1386 2534 8
1420 2487 1665 2534 ἀπείποιεν
1690 2490 1793 2534 HV

219 2555 273 2592 10
305 2548 438 2608 παρ’]
474 2550 561 2607 γὰρ
605 2551 708 2594 coni
741 2550 942 2594 Sintenis
994 2552 998 2604 Ι
1051 2547 1245 2600 ἐκείνοις
1283 2549 1386 2593 coni
1420 2550 1575 2592 Gasda.
1615 2554 1665 2591 at,
1696 2549 1753 2592 cf.
1785 2547 1907 2592 t.111

217 2613 318 2662 438,
340 2614 415 2662 143
446 2609 508 2652 IV
533 2613 604 2662 59,
622 2615 647 2652 2
677 2615 682 2665 Ι
709 2610 761 2653 τὸ
786 2607 959 2664 μίασμα
989 2610 1137 2653 ViMa
1196 2607 1371 2664 μίασμα
1398 2608 1452 2653 Ol
1573 2612 1623 2650 11
1649 2608 1756 2657 τοὺς
1780 2607 1906 2663 ἀψα-

218 2666 384 2723 μένους
417 2669 473 2712 Vi
504 2668 586 2711 sed
618 2676 687 2719 οῖς
719 2670 767 2712 οῖ
798 2683 867 2718 οις
899 2681 1113 2724 suprascr
1142 2668 1213 2710 m²
1247 2670 1254 2723 Ι
1297 2668 1451 2711 αὐτῶν
1474 2667 1530 2710 H
1536 2666 1789 2711 VViMaOz

220 2731 272 2769 12
305 2723 377 2777 οἷς
406 2727 454 2770 in
487 2741 562 2770 ras
588 2728 699 2771 Ma³
822 2732 874 2770 15
908 2722 1030 2770 εἶναι
1059 2726 1241 2783 ἔλεγχον
1267 2728 1312 2771 Β
1435 2730 1488 2769 16
1521 2724 1582 2781 μὴ
1607 2725 1658 2769 δὲ
1675 2725 1835 2769 ΗΜΒ
1847 2725 1904 2770 Vi

218 2786 364 2830 Man
500 2792 552 2830 19
586 2787 767 2837 τούτοις
800 2787 857 2831 Vi
991 2790 1041 2827 21
1075 2784 1324 2841 ταμέγιστα
1347 2786 1393 2828 Β
1521 2789 1577 2827 22
1607 2782 1905 2839 προφέρομεν

216 2844 379 2901 scripsi
404 2859 429 2889 e
449 2845 823 2890 GrHVViMaCz
882 2843 1205 2899 προσφέρομεν
1232 2844 1335 2888 ΜΒ
1361 2843 1452 2887 edd
1480 2844 1485 2900 Ι
1512 2842 1574 2899 μὴ
1605 2843 1657 2885 δὲ
1677 2843 1835 2886 ΗΜΒ
1847 2842 1906 2886 Vs·

217 2904 362 2947 Maoz
1898 2944 1900 2947 .
