2010 3168
536 109 827 156 INVECTIV
828 110 869 153 A
899 110 966 154 IN
996 108 1351 154 AESCHINEM
1680 110 1712 161 2
1721 113 1746 162 1
1755 110 1788 162 3

203 249 288 302 38.
331 251 650 318 Κρεῖττον
682 247 800 316 γὰρ
833 242 935 315 ἦν,
968 248 1158 316 φησίν,
1191 245 1310 314 <ἣ>
1346 245 1789 316 ἐξαιρεθῆναι.

91 337 182 391 καὶ
228 339 409 391 πόθεν
453 343 617 389 τοῦτο
666 336 828 398 εἰδὼς
874 333 1049 403 λέγεις
1096 335 1169 398 ὡς
1220 334 1458 397 ἀνιάτως
1512 330 1685 405 εἷχον;
1742 336 1789 388 εἰ

92 424 192 496 μὲν
237 426 341 495 γὰρ
393 425 494 478 ὅσα
549 431 828 494 προσῆκεν
882 423 1172 492 ἀκηκοότες
1225 423 1315 476 καὶ
1370 425 1541 491 λόγου
1600 425 1789 477 δεινοῦ

92 522 436 569 καταπαῦσαι
477 513 654 582 ὁρμὴν
694 511 782 566 ἐπὶ
820 522 933 566 τῶν
980 512 1166 566 αὐτῶν
1211 515 1429 581 ἔμενον,
1480 521 1673 582 σαφῶς
1721 512 1790 566 ἂν

93 605 125 658 ἃ
179 602 288 675 φῂς
349 602 646 656 ε’δέδεικτο·
721 611 988 670 σιγῶντος
1052 598 1113 654 δὲ
1176 603 1224 654 εἰ
1270 598 1467 670 μηδὲν
1529 601 1790 671 ἀμείνους
1837 624 1856 657 5

94 693 400 761 ἐγίγνοντο,
432 693 488 744 τί
516 700 744 760 σημεῖον
775 698 875 744 τοῦ
907 690 998 744 καὶ
1029 692 1162 758 μετὰ
1193 693 1324 754 τοὺς
1356 693 1559 758 λόγους
1591 690 1792 758 ὁμοίως

91 781 160 834 ἂν
199 781 484 851 ἀμαρτεῖν;
540 780 628 833 39.
668 779 806 849 μέγα
855 781 1114 848 δύναται,
1162 776 1204 833 ὦ
1244 781 1443 850 ἄνδρες
1490 778 1792 849 Ἀθηναῖοι,

91 872 259 939 λόγου
300 870 484 940 φύσις,
523 869 674 937 μέγα.
716 865 876 932 οὗτος
914 869 1006 922 καὶ
1046 870 1243 922 στάσιν
1283 868 1524 938 έκοίμισε
1563 866 1654 921 καὶ
1692 870 1790 922 πό-

92 963 258 1027 λεμον
305 958 487 1012 ἀνεῖλε
534 959 599 1010 τὰ
648 958 789 1011 ὅπλα
846 958 905 1011 ἐκ
957 967 1071 1010 τῶν
1124 967 1325 1028 χειρῶν
1372 955 1657 1027 ἐκβάλλων
1699 956 1791 1011 καὶ

91 1047 454 1117 θυμούμενον
500 1045 741 1115 ἐπράυνε
787 1048 879 1100 καὶ
926 1048 1107 1115 λύπην
1153 1044 1344 1116 ἔσβεσε
1397 1045 1488 1100 καὶ
1544 1046 1789 1116 δάκρυον
1815 1070 1857 1101 10

94 1139 285 1205 ἔστησε
323 1134 415 1189 καὶ
454 1138 585 1199 τοὺς
624 1136 824 1206 ἡσυχίᾳ
862 1137 1154 1206 χαίροντας
1187 1138 1405 1189 ε”πεισεν
1436 1136 1509 1199 ὡς
1548 1135 1791 1205 ἀμείνων

93 1226 315 1295 εἰρήνης
353 1225 382 1278 ὁ
420 1226 674 1294 πόλεμος,
714 1225 805 1277 καὶ
843 1226 974 1287 τοὺς
1005 1228 1335 1295 φρίττοντας
1365 1226 1462 1287 τὰς
1499 1226 1647 1296 παρὰ
1679 1233 1791 1277 τῶν

95 1315 299 1384 ἰατρῶν
336 1315 504 1383 τομὰς
543 1312 811 1382 ἀνδρείως
850 1312 1109 1383 παρέχειν
1147 1321 1222 1387 τῷ
1269 1315 1478 1386 σιδήρῳ
1518 1314 1580 1367 τὸ
1621 1322 1789 1382 σῶμα.

92 1403 180 1456 40.
226 1410 364 1465 ναῦς
411 1401 545 1476 ᾤετο
600 1404 721 1456 δεῖν
774 1403 1144 1471 ποιησάμενος
1194 1405 1438 1472 Κροῖσος
1493 1401 1790 1456 ἐπιθέσθαι

93 1500 212 1555 ταῖς
249 1494 464 1560 νήσοις,
512 1491 649 1545 ἀλλὰ
689 1494 925 1554 Βίαντος
963 1491 1035 1555 ὡς
1082 1491 1149 1545 οὐ
1203 1491 1492 1561 συμφέρον
1532 1490 1789 1555 διδάξαν-
1814 1515 1855 1547 15

93 1601 186 1644 τος
225 1580 430 1649 ἀπέστη
469 1588 569 1634 τοῦ
607 1585 782 1634 πλεῖν.
837 1580 992 1650 ἡμεῖς
1038 1600 1170 1633 ποτε
1214 1579 1306 1634 καὶ
1350 1583 1585 1650 Θηβαῖοι
1625 1599 1789 1651 παρε-

92 1669 375 1739 ταξάμεθα
419 1671 556 1739 πρὸς
602 1670 782 1738 μάχην
826 1668 916 1722 καὶ
962 1671 1277 1737 μελλόντων
1323 1671 1630 1739 χρήσεσθαι
1675 1678 1790 1731 τοῖς

97 1760 329 1829 δόρασιν
367 1757 654 1828 ἐφάνησαν
694 1761 996 1828 Κορίνθιοι
1049 1757 1367 1812 διαλλακταὶ
1412 1759 1504 1812 καὶ
1544 1758 1789 1827 ἀπήλθο-

95 1867 196 1917 μεν
233 1848 340 1918 πρὸ
389 1857 500 1900 τῶν
546 1847 886 1917 τραυμάτων.
937 1845 1135 1911 ἔδοξαν
1173 1851 1549 1917 Μιτυληναῖοι
1595 1848 1662 1900 τὰ
1700 1847 1789 1917 με’-

96 1950 256 2006 γιστα
293 1937 394 2005 τὴν
432 1937 597 1989 πόλιν
635 1935 848 1989 ἀδικεῖν
886 1934 948 1989 ἐν
1000 1944 1075 2007 τῷ
1122 1938 1260 2006 πρὸς
1299 1939 1790 2005 Πελοποννησίους
1815 1958 1858 1991 20

217 2087 271 2125 12
296 2081 417 2126 Plat.
435 2080 572 2139 Gorg.
589 2097 630 2138 p.
643 2081 854 2138 456Asq.
981 2086 1035 2124 14
1059 2081 1168 2126 Her.
1185 2081 1207 2124 I
1224 2086 1278 2124 27
1404 2086 1458 2126 18
1484 2081 1541 2125 cf.
1569 2096 1638 2138 ep.
1660 2086 1788 2126 1084.

96 2141 203 2186 Her.
228 2141 292 2185 VI
318 2145 418 2197 108,
436 2145 460 2183 3

219 2264 242 2302 1
287 2257 315 2315 ἢ
353 2259 528 2303 inserui
568 2261 756 2303 auctore
788 2259 855 2303 Re
934 2273 1009 2303 om
1043 2258 1153 2302 libri
1186 2259 1278 2303 edd
1422 2263 1447 2302 3
1493 2264 1621 2315 „post
1650 2259 1789 2316 λόγου

98 2319 276 2363 videtwr
307 2315 535 2375 ῥηθέντος
565 2319 739 2363 deesse“
771 2318 838 2361 Re
983 2323 1008 2361 5
1049 2317 1079 2361 ἃ
1111 2318 1287 2362 inserui
1319 2331 1374 2362 ex
1397 2319 1638 2363 AthHMa
1714 2332 1785 2362 om

99 2379 144 2422 P
172 2377 265 2421 edd
297 2378 379 2421 sed
411 2376 435 2422 ὃ
468 2377 765 2421 inserendum
798 2377 903 2422 coni
941 2377 1009 2421 Re
1060 2379 1064 2435 Ι
1116 2376 1210 2436 φῂς
1241 2377 1406 2434 scripsi
1442 2380 1630 2421 auctore
1662 2377 1730 2422 Re

158 2437 274 2493 ἔφης
304 2436 414 2480 libri
446 2437 537 2480 edd
587 2438 593 2494 Ι
643 2434 690 2481 δ’
724 2437 792 2480 Re
843 2438 850 2493 Ι
900 2436 942 2480 εἰ
973 2450 1047 2480 om
1072 2438 1130 2480 H
1267 2440 1293 2480 8
1326 2433 1558 2493 ἐκοίμισεν
1583 2438 1669 2480 Μα

102 2500 155 2540 10
189 2496 371 2552 ἔσβεσεν
402 2495 470 2539 Re
593 2500 645 2540 11
679 2495 871 2553 ἄμεινον
904 2495 1050 2540 Cobeb
1081 2494 1181 2539 Coll
1206 2500 1290 2539 272
1431 2500 1485 2539 14
1523 2509 1635 2540 voce
1675 2502 1791 2546 ναῦς

100 2555 180 2598 des
206 2556 265 2599 H
296 2554 497 2598 f01156v
573 2568 692 2610 quae
732 2557 990 2611 sequuntur
1027 2567 1175 2610 usque
1215 2555 1275 2599 ad
1314 2562 1402 2600 νῦν
1441 2570 1485 2611 p.
1514 2559 1654 2610 219‚1
1695 2568 1789 2598 uno

98 2614 213 2658 folio
246 2614 416 2657 amisso
450 2614 618 2657 desunt
667 2617 673 2670 Ι
722 2614 1034 2670 ποιησόμενος
1057 2614 1244 2658 AthMa
1380 2618 1434 2658 15
1467 2615 1528 2665 ὡς
1557 2613 1732 2657 inserui
1765 2627 1790 2658 e

99 2672 232 2716 libris
293 2686 369 2717 om
386 2672 477 2717 edd
505 2676 511 2728 Ι
540 2672 860 2729 συμφέρειΜα
966 2678 1020 2717 17
1039 2671 1306 2731 χρήσασθαι
1317 2673 1406 2718 Μα
1521 2677 1576 2717 18
1592 2674 1789 2731 θηβαῑοι

102 2749 210 2791 ante
243 2745 481 2802 κορίνθιοι
506 2747 552 2790 Ρ
613 2747 826 2804 Θηβαῖοι,
858 2747 961 2791 Mor
1019 2743 1244 2804 θηβαίοις
1274 2746 1340 2790 Re
1403 2746 1554 2791 delevi
1586 2761 1691 2790 cum
1721 2747 1788 2790 Re

102 2805 241 2848 Anim
269 2807 275 2862 Ι
303 2803 577 2849 διαλλακταί
591 2805 693 2848 Mor
717 2806 798 2849 sed
824 2804 879 2850 ἴσ.
899 2805 1248 2862 διηλλάχθησαν
1270 2805 1321 2848 in
1338 2819 1471 2862 marg
1564 2810 1617 2849 19
1642 2822 1787 2861 πραγ-

101 2863 257 2919 μάτων
283 2866 372 2909 Μα
414 2867 420 2921 Ι
462 2863 507 2908 οἱ
545 2866 655 2907 ante
693 2867 983 2921 μιτυληναῖοι
1020 2864 1087 2908 Re
1165 2864 1315 2909 delevi
1364 2867 1370 2921 Ι
1418 2862 1667 2921 ταμέγιστα
1702 2865 1786 2908 Ma

220 2927 276 2965 20
307 2924 416 2973 τοὺς
446 2925 555 2967 ante
585 2921 979 2980 πελοποννησίους
1005 2925 1094 2967 Μα
1121 2925 1127 2979 Ι
1154 2921 1520 2980 πελοπονησίους
1542 2925 1589 2967 Ρ
