2010 3168
297 66 362 117 16
743 64 971 110 LIBANII
1005 66 1406 111 DEOLAMATIO
1427 67 1534 110 XIII

292 198 459 254 οὐδὲν
498 200 760 270 εὑρέσθαι
809 203 1048 270 χρηστὸν
1088 195 1202 254 οἷοί
1235 201 1280 254 τ’
1327 198 1485 271 ἦσαν,
1525 201 1642 257 ἀλλ’
1689 201 1887 258 ἔπλεον
1910 204 1978 268 νέξ

282 287 538 357 Ἀθηνῶν
576 292 815 359 τριήρεις
854 291 943 343 καὶ
982 292 1039 343 οἱ
1073 291 1168 353 τὰς
1207 289 1377 359 ἀρχὰς
1412 289 1504 344 καὶ
1542 293 1609 345 τὰ
1641 293 1788 361 τείχη
1820 311 1980 347 κατα·

291 378 551 440 λύσοντες
590 377 679 431 καὶ
727 379 1057 447 ἠπειλοῦντο
1108 379 1334 442 ἀπειλὰς
1378 380 1473 442 τὰς
1519 381 1980 449 φρικωδεστάτας,

290 468 374 520 ὅτι
414 469 480 535 δὴ
529 468 600 535 μὴ
646 476 972 537 παραχρῆμα
1019 466 1143 536 μηδ’
1191 467 1365 531 εὐθὺς
1412 466 1754 537 ἐπείσθησαν
1792 469 1981 533 αὐτοῖς

244 577 265 609 5
289 557 639 623 uslebovo'om
679 555 708 608 ὁ
749 556 809 609 δὲ
848 557 1110 618 κίνδυνος
1148 551 1218 623 ἦν
1257 555 1445 619 αὐτοῖς
1481 558 1608 626 περὶ
1647 557 1981 628 ἀνδραποδι-

291 652 432 713 σμοῦ
473 644 563 697 καὶ
605 644 950 707 ἀναστάσεως
992 653 1088 713 τῆς
1125 646 1414 713 πατρίδος,
1453 647 1574 698 τότε
1614 647 1682 714 δὴ
1720 650 1980 715 προσβια-

291 733 518 795 σθέντες
557 734 610 787 οἱ
651 734 939 802 δυστυχεῖς
978 731 1064 802 ἐφ’
1112 734 1250 802 ἡμᾶς
1296 735 1426 796 τοὺς
1473 733 1712 804 πατέρας
1745 734 1981 804 κατέφυ-

289 843 413 890 γον,
475 820 561 875 ἐπὶ
617 823 718 889 τὴν
773 820 1125 889 ἐκπέμψασαν
1180 823 1382 885 αὐτοὺς
1434 824 1623 890 πόλιν,
1679 824 1752 886 ὡς
1797 825 1982 892 ’μόνην

289 912 494 980 ταύτην
549 912 826 979 σωτηρίαν
879 910 1105 974 ἕξοντες.
1172 911 1253 963 14.
1310 910 1400 964 καὶ
1454 911 1608 980 ἡμεῖς
1661 911 1980 982 ἐδεξάμεθα,

221 1023 265 1054 10
291 1000 682 1068 ὁμολογοῦμεν.
736 998 770 1067 ἢ
810 1003 867 1052 τί
908 1000 1170 1069 πράττειν
1217 1001 1403 1070 ἐχρῆν;
1453 1002 1653 1064 παῖδας
1694 1002 1870 1064 ἱκέτας
1906 1002 1979 1070 μὴ

291 1089 572 1157 δέχεσθαι;
635 1090 764 1156 βίαν
820 1087 867 1140 δ’
930 1089 1103 1151 οὕτως
1158 1089 1312 1158 ὠμὴν
1367 1089 1484 1159 ἐᾶν;
1546 1093 1870 1158 πολιορκίαν
1925 1088 1974 1142 δ’

290 1181 500 1246 ἄπορον
553 1179 641 1230 καὶ
695 1179 906 1246 τροφὰς
962 1177 1375 1247 ἀπανθρώπους
1430 1179 1495 1232 οὐ
1557 1180 1981 1247 προσεδοκῶμεν

198 1272 318 1315 RIV
337 1276 422 1315 354
469 1269 710 1319 ἔσεσθαι.
751 1263 867 1320 ἀλλ’
907 1267 1008 1320 οὐκ
1040 1268 1118 1330 εἰς
1151 1269 1159 1335 1
1194 1269 1409 1337 μακρὰν
1440 1276 1610 1320 ταῦτα
1641 1268 1818 1320 πάντα
1850 1263 1980 1335 ἧκεν

290 1356 509 1424 ἀθρόως
548 1357 613 1408 τὰ
654 1357 824 1408 δεινά.
871 1355 961 1408 καὶ
1010 1356 1185 1419 οὕτως
1233 1356 1618 1424 ἠγανάκτησαν
1665 1357 1724 1409 oc
1757 1357 1981 1425 χρηστοὶ

224 1467 265 1498 15
291 1447 363 1507 ὡς
402 1443 524 1498 οὐδ’
569 1444 658 1497 ὅτε
696 1444 729 1512 ἡ
769 1447 928 1507 πόλις
977 1445 1164 1507 αὐτοῖς
1209 1445 1316 1498 ὑπὸ
1363 1455 1473 1498 τῶν
1519 1446 1818 1514 βαρβάρων
1868 1444 1980 1498 ἐνε-

288 1537 526 1602 πρήσθη.
591 1534 800 1586 οὔκουν
861 1531 1053 1602 ἔχουσί
1111 1553 1234 1586 τινα
1296 1535 1471 1587 εἰπεῖν
1534 1536 1657 1586 τότε
1718 1535 1980 1602 τοιαύτην

289 1625 629 1690 πολιορκίαν.
669 1622 808 1675 ἀλλὰ
847 1623 1068 1701 καθαρὰ
1106 1623 1206 1689 μὲν
1238 1623 1270 1691 ἡ
1303 1623 1571 1691 βασιλέως
1604 1631 1673 1691 γῆ
1713 1623 1981 1676 τοιούτων

412 1834 433 1871 1
468 1842 534 1883 sq.
569 1827 711 1870 Thuc.
737 1828 758 1871 I
782 1831 852 1881 58,
873 1833 895 1871 1
1020 1833 1045 1870 3
1077 1827 1129 1872 Il.
1163 1845 1189 1871 ν
1214 1832 1323 1881 22ος
1355 1843 1389 1871 π
1415 1832 1499 1870 200
1622 1832 1647 1870 6
1681 1827 1823 1870 Thuc.
1849 1826 1869 1869 Ῑ
1895 1831 1979 1871 106

412 1892 464 1930 12
498 1886 641 1930 Thuc.
667 1886 731 1929 IV
755 1892 826 1940 32,
845 1893 870 1928 3
888 1901 955 1942 sq.
1081 1891 1134 1931 15
1166 1887 1271 1932 Her.
1298 1887 1403 1930 VIII
1427 1892 1483 1930 53

413 2086 433 2123 1
469 2079 698 2133 εὕρασθαι
725 2080 778 2122 Η
852 2078 1071 2133 εὗρεσθαι
1106 2081 1148 2122 V
1191 2082 1196 2134 1
1248 2077 1388 2123 οἷοίτε
1413 2080 1471 2122 H
1498 2079 1656 2133 Doxap
1801 2082 1826 2120 2
1859 2079 1980 2134 ἀθη-

289 2137 437 2182 ναίων
483 2139 647 2194 Doxap
697 2141 703 2192 Ι
754 2139 1093 2187 καταλύσαντες
1130 2139 1234 2182 HV
1260 2138 1421 2193 Doxap
1581 2143 1606 2181 3
1655 2138 1735 2180 καὶ
1774 2151 1849 2180 om
1881 2137 1985 2181 HV

291 2198 454 2254 Doxap
597 2202 624 2239 4
665 2197 716 2241 δὲ
750 2197 911 2253 Doxap
963 2201 968 2250 Ι
1019 2198 1147 2251 παρὰ
1179 2204 1328 2253 χρῆμα
1354 2198 1410 2241 Η
1451 2201 1455 2251 ἰ
1499 2196 1558 2252 μὴ
1591 2194 1637 2240 δ’
1666 2197 1763 2239 ΗΒ
1777 2196 1982 2241 ViMaOE

291 2258 454 2312 Doxap
577 2261 601 2299 5
634 2252 692 2312 ἦν
725 2270 799 2300 om
834 2258 921 2300 Ma
1043 2261 1068 2299 6
1101 2253 1496 2312 προσβιασθέντες
1522 2256 1610 2299 Μα
1649 2256 1729 2298 sed
1770 2272 1825 2311 γρ
1864 2270 1978 2310 προ-

291 2315 595 2374 βιβασθέντες
632 2316 680 2359 in
719 2329 853 2366 marg
884 2315 953 2358 m³
1090 2319 1112 2357 7
1147 2315 1226 2359 καὶ
1259 2317 1368 2358 ante
1400 2315 1507 2364 τοὺς
1537 2314 1700 2370 Doxap
1836 2319 1862 2357 8
1895 2314 1979 2357 αὐ-

289 2383 387 2425 τοῖς
411 2375 466 2418 Η
585 2379 638 2418 10
671 2374 888 2429 πράττειν
921 2374 1060 2430 ἐχρῆν
1093 2374 1255 2430 scripsi
1289 2386 1342 2416 ex
1376 2375 1433 2418 H
1445 2374 1521 2417 VB
1553 2374 1717 2429 Doxap
1748 2374 1802 2416 ut
1833 2386 1858 2416 e
1888 2372 1980 2416 Par

293 2438 406 2477 3017
441 2433 598 2477 Gasda
683 2434 822 2490 ἐχρῆν
865 2434 1083 2488 πράττειν
1118 2435 1177 2477 M
1187 2431 1390 2476 Vz'MaOl
1428 2432 1529 2476 Mor
1612 2433 1752 2490 ἐχρῆν
1797 2446 1871 2476 om
1911 2431 1980 2475 Re

415 2498 463 2535 11
506 2490 619 2548 μίαν
658 2493 820 2549 Doxap
872 2496 876 2544 ξ
927 2489 974 2535 δ’
1011 2505 1085 2536 om
1125 2492 1287 2547 Doxap
1338 2494 1344 2543 Ι
1395 2491 1442 2534 δ’
1478 2492 1651 2534 inserui
1687 2504 1743 2534 ex
1766 2490 1981 2535 HVBVi

295 2553 439 2596 MaGl
469 2552 632 2607 Doxap
674 2566 777 2595 cum
809 2551 1019 2595 Iacobsio
1058 2551 1169 2594 Lech
1204 2556 1285 2594 112
1364 2564 1439 2594 om
1469 2553 1529 2594 M
1555 2551 1646 2594 edd
1791 2554 1843 2592 12
1877 2547 1978 2592 διά-

293 2626 442 2664 πυρον
492 2611 597 2654 coni
641 2611 706 2654 Re
791 2610 1057 2665 ἀπόρρητον
1099 2610 1262 2653 Iacobo
1307 2610 1410 2652 Add
1454 2615 1535 2653 153
1586 2609 1697 2652 Leot
1738 2613 1820 2652 112

287 2674 349 2712 13
392 2670 547 2713 πάντα
589 2677 733 2713 ταῦτα
777 2672 863 2714 JIa
947 2668 1101 2712 πάντα
1146 2683 1219 2712 om
1263 2669 1425 2724 Doxap
1576 2672 1629 2710 15
1677 2668 1737 2717 ὡς
1779 2666 1824 2710 δ’
1869 2664 1972 2711 οὐδ’

292 2727 456 2783 Doxap
505 2732 511 2784 1
553 2728 580 2785 ἡ
613 2727 745 2780 πόλις
776 2731 882 2784 post
912 2727 1160 2786 βαρβάρων
1186 2727 1347 2783 Doxap
1470 2732 1523 2770 16
1556 2727 1635 2770 καὶ
1668 2728 1774 2769 ante
1807 2725 1979 2769 οὔκουν

292 2787 417 2831 inser
444 2788 553 2831 Μα3
587 2791 592 2842 Ι
627 2801 739 2832 voce
771 2788 925 2843 ἔχουσι
956 2801 1111 2830 rursus
1144 2787 1220 2829 inc
1255 2786 1314 2830 Gr
1345 2785 1412 2829 fol
1444 2790 1523 2828 66*
1592 2782 1775 2842 ἔχουσίν
1803 2786 1864 2828 Μ

296 2850 348 2888 17
382 2844 622 2903 βασίλισσα
656 2846 817 2902 Doxap
