2010 3168
209 120 318 173 504
644 119 871 164 LIBANH
902 119 1294 165 DECLAMATIO
1326 118 1476 165 XXVI

325 261 426 308 149
448 255 704 326 [ἕκφρασις
729 255 1040 326 πεζομαχίας]
1058 261 1159 309 Inc.
1174 256 1488 327 ’Ἀ]νθρωποι
1512 257 1564 310 δὲ
1582 254 1651 327 (p.
1673 260 1811 308 1046
1827 251 1893 325 R)

210 401 232 473 (
324 335 429 383 150
463 330 691 474 [ἔσςφασις
721 342 917 400 γραφῆς
949 332 1002 383 ἐν
1032 330 1384 404 βουλευτηρίῳ]
1418 335 1515 385 Inc.
1544 329 1654 399 ’E]v
1685 339 1742 396 τῆ
1768 331 1894 397 αὗλῆ

320 482 379 529 In
411 483 531 530 folio
567 485 668 531 151
703 499 857 530 manu
886 483 1050 545 priore
1083 486 1338 531 exaratum
1370 486 1444 532 est
1469 483 1723 531 exordium
1744 482 1895 530 titulo

205 558 403 618 privum
426 563 768 621 πανηγυρικοῦ
792 555 845 605 ἐν
871 557 1066 626 Κυζίκῳ
1091 555 1201 622 περὶ
1225 564 1310 606 τοῦ
1334 563 1458 606 ναοῦ
1482 557 1718 606 Aristidis
1741 572 1895 619 usque

208 631 270 678 ad
308 630 459 678 verba
498 629 600 693 ἥκω
640 637 727 679 τοῦ
766 630 1009 680 πιστεύειν
1048 634 1082 679 t.
1117 632 1140 678 I
1178 649 1225 694 p.
1254 632 1374 694 383,
1395 634 1424 679 2
1470 632 1541 680 ed.
1574 631 1721 679 Dind.
1755 625 1813 697 (t.
1844 630 1897 678 H

206 721 254 766 p.
284 705 403 766 125,
423 699 592 771 1513).

317 778 528 840 Inspexi.

118 866 203 906 253
320 854 401 902 65.
422 852 506 915 Up
518 869 539 900 s
551 854 802 901 aliensis
821 853 1146 902 bibliothecae
1162 854 1503 903 universitatis
1522 855 1552 902 8
1571 855 1758 902 formae
1774 853 1892 900 duo-

207 926 423 975 decimae
456 921 795 992 (13¹s2><9¹s2
815 922 876 993 c.)
912 928 1197 976 chartaceus
1231 929 1417 977 saeculi
1439 928 1532 976 XV
1555 928 1894 976 miscellaneus

207 1017 335 1049 anno
366 1002 504 1049 1705
532 1001 593 1048 ab
617 1001 803 1049 Ioanne
829 1000 974 1051 Gabr.
1003 1002 1489 1064 Sparvenfeldio,
1522 1002 1607 1064 qui
1637 1002 1689 1048 in
1714 1003 1894 1063 „variis

206 1075 365 1136 iisque
398 1075 706 1123 difficillimis
745 1093 835 1138 per
864 1077 1119 1139 Europam
1155 1079 1445 1139 partemque
1477 1077 1675 1124 Africae
1707 1076 1893 1124 itineri-

206 1146 329 1196 bus“
356 1149 547 1197 codices
574 1150 840 1214 collegerat
851 1144 908 1217 ¹),
933 1150 1262 1199 bibliothecae
1288 1151 1499 1199 donatus
1525 1151 1745 1198 continet
1767 1149 1897 1197 inter

206 1225 347 1271 varia
391 1223 505 1271 inde
555 1241 582 1271 a
621 1224 740 1272 folio
781 1226 883 1272 173
927 1240 1079 1287 usque
1120 1225 1181 1272 ad
1219 1226 1319 1273 186
1367 1224 1773 1273 declamationem
1823 1223 1894 1271 in-

209 1299 445 1360 scriptam
476 1296 620 1361 πρὸς
659 1297 835 1346 λάλον
874 1303 1130 1363 γυναῖκα
1162 1301 1211 1347 et
1241 1299 1355 1346 inde
1388 1316 1416 1346 a
1447 1300 1568 1347 folio
1604 1300 1708 1346 290
1741 1313 1895 1360 usque

208 1372 272 1419 ad
298 1373 401 1419 297
430 1371 530 1419 alia
560 1387 711 1419 manu
736 1375 985 1422 exaratas:
1009 1371 1252 1422 ἐπιστολαὶ
1276 1371 1531 1437 ἀμοιβαῐαι
1558 1380 1645 1421 τοῦ
1670 1371 1894 1436 λιβανίου

207 1443 330 1510 πρὸς
361 1443 447 1494 τὸν
486 1443 637 1511 μέγαν
669 1446 915 1510 βασίλειον
949 1441 1043 1514 (=
1070 1463 1177 1510 epp.
1216 1448 1576 1496 1580—1601
1614 1447 1686 1494 ed.
1719 1439 1894 1512 Wolf).

319 1519 430 1567 Mea
462 1520 626 1584 gratia
659 1537 786 1569 anno
815 1522 954 1569 1877
981 1522 1200 1584 inspexit
1226 1521 1428 1570 Carolus
1456 1520 1635 1581 Graux,
1668 1523 1894 1569 accurate

209 1593 469 1655 descripsit
500 1595 656 1642 Einar
685 1594 926 1645 Lofstedt.

120 1682 206 1721 254
323 1669 404 1716 66.
446 1668 757 1717 Parisinus
797 1686 875 1732 gr.
912 1673 937 1717 1
955 1670 1073 1718 603
1124 1670 1412 1719 chartaceus
1458 1671 1644 1717 formae
1692 1671 1895 1717 octavae

209 1742 392 1790 saeculi
415 1742 534 1789 XVI
561 1743 904 1791 miscellaneus
935 1746 1062 1792 teste
1092 1746 1413 1806 inscriptione
1445 1745 1497 1791 in
1528 1744 1648 1792 folio
1680 1743 1894 1806 praefixo

208 1817 338 1863 infra
369 1816 554 1864 πίνακα
583 1818 749 1878 posita
782 1825 938 1881 κτῆμα
970 1815 1212 1866 ἀντωνίου
1245 1825 1330 1866 τοῦ
1364 1816 1592 1884 ἐπάρχου,
1625 1814 1651 1867 ὃ
1685 1815 1895 1866 δέδωκεν

208 1889 277 1948 εἰς
309 1889 632 1955 εὐχαριστείας
666 1894 867 1954 σημεῖον
891 1898 955 1939 τῶ
980 1890 1345 1953 ἐπιφανεστάτω
1371 1892 1656 1958 φραγκίσκω
1688 1898 1753 1939 τῶ
1780 1910 1894 1957 κρα-

208 1971 324 2012 ταιῶ
349 1965 543 2028 βασιλεῖ
565 1967 745 2013 κελτῶν
772 1981 898 2013 unus
924 1983 948 2013 e
975 1966 1222 2014 codicibus
1249 1966 1308 2013 ab
1332 1966 1594 2014 Antonio
1623 1967 1894 2028 Eparcho

210 2037 540 2100 Corcyraeo
573 2039 700 2087 dono
734 2039 1052 2088 Francisco
1076 2041 1101 2088 Ι
1133 2040 1262 2088 datis
1288 2043 1338 2088 et
1363 2040 1424 2088 ab
1449 2041 1542 2088 hoc
1566 2040 1893 2088 bibliothecae

209 2113 392 2176 Regiae
432 2112 847 2161 Fonteblandensi
891 2114 1048 2162 illatis
1060 2108 1117 2180 2),
1163 2116 1215 2161 in
1264 2130 1361 2176 qua
1408 2115 1635 2176 deinceps
1678 2116 1894 2162 numeris

206 2185 450 2246 MXVIII,
486 2188 650 2247 1112,
699 2189 839 2235 3363
873 2188 1139 2251 insignitus
1173 2191 1300 2249 erat,
1339 2192 1452 2250 post
1490 2189 1629 2236 varia
1662 2204 1787 2250 quae
1817 2205 1893 2236 re-

210 2263 375 2308 censet
407 2259 674 2324 Catalogus
707 2261 926 2310 continet
957 2262 1003 2309 in
1039 2262 1159 2310 folio
1195 2264 1298 2310 269
1333 2260 1536 2325 μελέτη
1575 2269 1676 2326 τῆς
1716 2261 1892 2311 λάλου

211 2327 405 2400 (ηδτ.)
468 2334 666 2383 Desinit
695 2335 747 2381 in
780 2335 901 2384 folio
937 2337 1080 2384 277&

319 2407 531 2470 Inspexi.
593 2408 761 2456 Meum
791 2409 844 2456 in
874 2425 1017 2458 usum
1050 2410 1260 2458 contulit
1291 2410 1534 2458 Henricus
1565 2405 1804 2473 Lebegue.

331 2581 372 2636 1)
406 2578 471 2623 Cf.
499 2577 726 2635 Catalogu
730 2593 750 2622 s
775 2578 1020 2623 Centuriae
1044 2579 1286 2623 Librorum
1311 2594 1416 2623 mss.
1444 2593 1536 2636 qua
1559 2579 1893 2624 bibliothecam

211 2638 492 2682 Academiae
517 2637 805 2694 Upsaliensis
837 2639 967 2682 auxit
989 2639 1029 2683 J.
1049 2638 1101 2683 G.
1121 2638 1182 2694 Sp
1187 2639 1512 2694 arvenfeldius‚
1544 2638 1745 2695 Upsalae
1766 2644 1893 2694 1706,

211 2697 258 2740 in
291 2712 383 2753 quo
416 2698 560 2741 codex
590 2711 781 2740 numero
812 2697 955 2741 XLIX
986 2654 1238 2754 insigniptus
1270 2701 1353 2742 est.

330 2758 374 2813 2)
406 2756 459 2800 In
490 2756 644 2799 indice
684 2755 822 2798 huius
861 2756 1174 2801 bibliothecae
1214 2757 1467 2801 secundum
1509 2757 1689 2800 litteras
1723 2770 1750 2799 a
1782 2757 1892 2800 Ver-

211 2815 342 2871 gecio
375 2828 496 2859 anno
531 2818 644 2858 1550
678 2814 889 2859 confecto
923 2818 969 2859 et
1009 2815 1067 2859 ab
1101 2815 1238 2859 Henr.
1273 2814 1461 2868 Omont,
1495 2815 1771 2872 Catalogues
1812 2817 1892 2860 des

211 2874 489 2917 manuscrits
521 2887 652 2932 grece
685 2874 742 2917 de
775 2873 1155 2928 Fontainebleau‚
1187 2874 1379 2920 Parisiis
1414 2879 1524 2919 1889
1563 2874 1740 2933 publici
1779 2875 1892 2919 iuris

211 2933 336 2979 facto
368 2936 429 2992 (p.
456 2935 529 2992 30)
559 2946 803 2977 numerum
833 2933 955 2991 gerit
987 2938 1056 2979 80.
