2010 3168
200 109 307 163 238
666 109 895 154 LIBANII
924 109 1316 156 DEGLAMATIO
1348 108 1478 154 XVII

199 244 432 299 ἀπέδοτο
480 245 658 313 λέγων
704 242 807 315 μὲν
851 246 976 317 περὶ
1020 245 1282 314 Φωκέων,
1335 247 1407 315 μὴ
1454 244 1631 313 λέγων
1677 242 1738 298 δὲ
1783 253 1896 299 νῦν

197 331 300 403 μὲν
339 333 400 387 ἐν
443 337 675 404 πυλαίᾳ,
722 335 993 404 πρότερον
1041 331 1101 387 δὲ
1149 332 1211 387 ἐν
1258 334 1582 404 Μακεδονίᾳ
1626 334 1751 403 περὶ
1796 343 1895 404 τῆς

193 422 581 492 Ἀμφιπόλεως.
640 423 783 476 οὕτω
831 425 1000 476 πάλαι
1046 431 1249 477 τοῦτον
1300 424 1564 492 ἠπίστατο
1618 431 1714 492 τῆς
1759 441 1894 493 προ-

197 513 387 574 δοσίας
425 511 525 564 τὸν
562 514 784 580 τρόπον.

150 621 170 653 5
308 599 393 654 83.
444 600 527 654 Οὐ
574 601 882 668 παύσεσθε,
940 597 981 653 ὦ
1029 601 1228 671 ἄνδρες
1264 599 1578 669 Ἀθηναῖοι,
1633 609 1750 663 τοῖς
1803 599 1892 668 ἐμ-

195 691 387 759 πόροις
426 690 645 751 τούτοις
682 689 749 741 τὰ
786 696 958 758 νεῦρα
997 697 1092 757 τῆς
1131 691 1341 751 πόλεως
1372 687 1781 759 ἐγχειρίζοντες;
1822 689 1894 742 οὐ

194 781 325 840 τοὺς
362 776 482 845 μέν,
522 779 570 831 εἰ
608 779 682 846 μὴ
722 777 1040 831 ἀποκτεῖναι
1080 779 1373 846 βούλεσθε,
1415 777 1504 831 ἐπὶ
1542 779 1643 846 τὴν
1683 779 1895 846 σκηνὴν

195 866 540 935 ἀποπέμψετε
586 865 678 919 καὶ
726 867 826 919 τὸν
873 869 1146 936 πρότερον
1185 870 1335 935 βίον,
1384 865 1472 920 ἐπὶ
1513 865 1763 934 Κρέοντα
1801 867 1894 919 καὶ

194 956 293 1008 τὸν
342 957 651 1024 Οἰνόμαον,
698 956 845 1024 παρὰ
891 956 990 1008 τὸν
1041 956 1335 1026 Θεόδωρον
1381 954 1473 1008 καὶ
1519 955 1616 1008 τὸν
1649 953 1894 1024 Ἀριστό-

129 1065 173 1098 10
199 1044 400 1112 ὃημον,
455 1042 770 1112 ἐπιστήσετε
816 1041 877 1097 δὲ
922 1053 1039 1106 τοῖς
1083 1044 1368 1113 ὑμετέροις
1413 1045 1620 1114 ἄνδρας
1667 1046 1744 1106 εἰς
1793 1044 1896 1096 τὸν

196 1132 474 1203 Περικλέα
526 1132 853 1203 βλέποντας;
910 1133 995 1186 84.
1052 1134 1224 1202 δῆμος
1278 1135 1417 1202 ἔχων
1471 1134 1571 1185 τὸν
1620 1131 1893 1185 Παιανιέα

194 1221 573 1291 Δημοσθένην
604 1223 881 1291 Αἰσχίνην
911 1224 1234 1292 πυλαγόραν
1267 1221 1525 1289 ἐκπέμπει
1563 1222 1661 1274 τὸν
1692 1223 1894 1274 Κοθω-

193 1312 379 1380 κίδην;
427 1311 528 1363 οὐκ
574 1309 645 1363 ἂν
692 1312 932 1380 ἤνεγκαν
979 1310 1197 1364 ἐκείνου
1242 1312 1341 1364 τὸν
1386 1311 1574 1379 θυμὸν
1621 1309 1752 1363 οὐδὲ
1790 1311 1895 1378 τὴν

103 1404 225 1447 RIH
241 1409 328 1449 433
375 1398 603 1468 γνώμην
660 1399 667 1469 Ι
725 1400 858 1453 οὐδὲ
902 1400 964 1453 τὸ
1015 1400 1188 1470 ῥεῦμα
1233 1409 1345 1453 τῶν
1399 1401 1592 1466 λόγων.
1643 1398 1896 1467 ἐνίκησεν

129 1509 171 1541 15
196 1487 265 1540 ἂν
310 1490 606 1556 Θηβαίους,
648 1487 948 1558 ἐκράτησεν
987 1487 1056 1541 ἂν
1099 1493 1412 1556 Θετταλῶν,
1451 1485 1783 1555 κατέπληξεν
1821 1486 1895 1540 ἂν

194 1578 325 1639 τοὺς
372 1577 596 1644 ἄλλους,
645 1574 928 1645 ἐξήλεγξεν
975 1576 1046 1630 ἂν
1090 1578 1193 1645 τὴν
1237 1584 1337 1629 τοῦ
1378 1577 1661 1638 Πύθωνος
1709 1574 1893 1639 δόξαν.

195 1664 333 1718 ἀλλὰ
377 1673 485 1718 νῦν
534 1665 695 1736 ὁρᾶτε
741 1667 803 1719 τὸ
852 1666 1087 1734 συμβάν.
1134 1667 1449 1734 πυλαγόρας
1487 1666 1755 1734 Αἰσχίνης
1801 1662 1892 1717 καὶ

199 1757 473 1816 Φίλιππος
521 1753 861 1823 ἀμφικτύων.
924 1753 1085 1822 βέλος
1144 1754 1206 1807 δὲ
1261 1752 1445 1821 οὐδέν,
1485 1752 1781 1821 ’Ἀπολλον,
1837 1751 1893 1816 ἐξ

315 1963 339 2001 2
373 1957 504 2001 Dem.
537 1957 640 2002 fals.
673 1957 764 2015 leg.
797 1973 843 2014 p.
869 1962 970 2012 421,
990 1963 1013 2000 6
1146 1963 1171 2002 6
1214 1958 1344 2002 Dem.
1376 1958 1481 2003 fals.
1515 1959 1605 2016 leg.
1637 1973 1682 2014 p.
1709 1961 1893 2012 432,10

314 2021 341 2061 8
372 2017 502 2062 Dem.
527 2016 631 2060 fals.
658 2017 749 2074 leg.
774 2032 820 2074 p.
842 2021 943 2071 418,
962 2022 1038 2072 153
1073 2032 1162 2062 eor.
1188 2033 1234 2074 p.
1261 2022 1360 2071 288,
1382 2022 1435 2061 19
1454 2019 1501 2061 eh
1518 2023 1596 2072 22;
1628 2032 1673 2073 p.
1701 2021 1800 2070 307,
1820 2022 1890 2060 25.

194 2076 347 2133 Apoll.
373 2076 591 2120 Aeschin.
614 2091 659 2132 p.
679 2081 720 2129 5,
736 2081 760 2120 6
884 2081 908 2120 9
942 2077 1073 2120 Dem.
1105 2077 1209 2121 fals.
1235 2077 1325 2133 leg.
1350 2092 1394 2133 p.
1414 2081 1514 2131 418,
1532 2083 1559 2120 4
1588 2079 1593 2133 Ι
1621 2076 1753 2119 Dem.
1784 2075 1888 2119 fals.

194 2135 285 2193 leg.
318 2151 363 2192 p.
390 2140 490 2188 418,
509 2140 535 2178 8
689 2140 742 2178 12
788 2135 844 2180 cf.
885 2137 918 2179 t.
945 2136 1009 2180 IV
1034 2141 1134 2191 976,
1153 2140 1177 2179 3
1194 2136 1236 2179 R
1370 2141 1423 2179 16
1457 2135 1515 2180 cf.
1547 2138 1580 2179 t.
1605 2135 1669 2178 IV
1694 2139 1794 2190 248,
1812 2139 1892 2188 29,

196 2200 385 2249 333,21;
415 2199 581 2250 977,13
599 2194 652 2238 R.
686 2194 816 2238 Dem.
843 2194 948 2238 Hal.
973 2211 1019 2252 p.
1038 2199 1197 2250 81,24;
1231 2200 1301 2250 82,
1323 2200 1400 2251 17;
1435 2209 1524 2239 cor.
1557 2210 1602 2251 p.
1630 2199 1729 2247 272,
1749 2198 1803 2238 19
1822 2208 1889 2249 sq.

317 2390 342 2429 5
374 2386 613 2431 παύσεσθε
652 2387 819 2442 scripsi
852 2401 876 2431 e
902 2387 991 2431 Ma
1030 2401 1135 2430 cum
1167 2386 1340 2431 Cobeto
1415 2387 1772 2431 παύεσθεΑτῙιΡ
1799 2385 1890 2429 edd

317 2449 341 2487 6
375 2446 430 2489 οὐ
461 2446 570 2495 τοὺς
601 2446 685 2501 μὲν
711 2448 799 2490 Μα
832 2446 913 2489 sed
945 2447 972 2489 ὐ
1006 2448 1054 2490 οὺ
1085 2447 1166 2498 οὺς
1200 2447 1249 2490 111
1280 2461 1354 2489 ras
1386 2446 1456 2489 m²
1488 2448 1535 2490 et
1566 2444 1649 2501 μὲν
1679 2445 1750 2487 m²

196 2508 223 2547 8
256 2504 334 2547 καὶ
345 2505 407 2561 (2)
433 2518 507 2548 om
529 2505 618 2548 Ma
740 2509 765 2548 9
797 2505 904 2560 περὶ
927 2506 1022 2549 Ath
1144 2509 1198 2548 10
1231 2503 1469 2561 ἡμετέροις
1491 2506 1634 2549 AthP
1660 2503 1762 2547 Mor
1789 2506 1795 2559 Ι
1823 2503 1893 2553 εἰς

195 2563 372 2608 inserui
406 2562 496 2606 0011
525 2578 572 2619 p.
598 2567 743 2617 89,14
762 2578 847 2627 sq.
891 2577 967 2607 om
991 2563 1101 2607 libri
1130 2565 1221 2607 edd
1345 2569 1398 2607 12
1431 2561 1721 2634 κωθωκίὸην
1738 2564 1831 2607 Ath

194 2619 447 2678 κωθωνίὸη
452 2639 478 2666 ν
495 2622 585 2666 Ma
709 2627 762 2666 13
795 2618 850 2666 οὗ
876 2624 961 2667 οὐκ
986 2639 1045 2666 αν
1069 2621 1271 2696 ἤνεγκαν
1295 2625 1466 2667 ἐκεῖνοι
1488 2623 1570 2667 τὸν
1593 2619 1751 2677 θυμόν
1784 2621 1890 2666 coni

195 2680 263 2724 Re
287 2639 447 2724 Animn
454 2682 461 2737 1
488 2679 661 2754 ἤνεγκα
686 2683 732 2725 Ρ
757 2682 860 2724 Mor
981 2687 1037 2725 14
1067 2681 1118 2725 τὸ
1151 2682 1276 2725 inser
1299 2683 1367 2725 Re
1430 2695 1504 2726 om
1534 2680 1643 2724 libri
1667 2681 1770 2723 Mor

200 2743 253 2782 15
287 2739 537 2811 ἐκράτησεν
570 2757 629 2783 αν
661 2740 828 2796 scripsi
889 2740 1109 2796 ἐκράτησε
1141 2741 1192 2784 δὲ
1224 2742 1319 2785 Ath
1389 2739 1608 2796 ἐκρατησε
1633 2740 1765 2784 ΡΜα
1797 2739 1888 2782 edd

317 2804 370 2841 16
412 2796 489 2856 αν]
523 2798 610 2855 γὰρ
637 2801 732 2843 Ath
868 2804 922 2843 17
962 2798 1225 2855 πυλαγόρος
1248 2802 1392 2844 AthP
1418 2799 1509 2844 edd
1651 2803 1705 2841 18
1745 2798 1888 2854 ἀμφι-

195 2859 348 2902 κτυών
381 2858 471 2901 edd
514 2859 519 2914 Ι
562 2857 701 2902 οὐδὲν
732 2857 781 2900 in
814 2859 974 2902 οὐδενὶ
1007 2873 1109 2903 corr
1133 2861 1222 2903 Ma
1256 2861 1263 2916 Ι
1282 2857 1503 2902 ’Ἄπολλον
1535 2856 1749 2901 ἐπάλλετο
1783 2857 1888 2900 00111

195 2915 358 2960 Iacobs
390 2917 502 2960 Lech
526 2921 611 2960 217
644 2916 743 2960 Rev
766 2921 853 2959 427
