2010 3168
902 573 1018 628 XX.

117 695 292 748 Μετὰ
338 695 412 747 τὰ
461 692 531 747 ἐν
579 694 950 764 Χαιρωνείᾳ
1003 695 1328 756 Φίλιππος
1375 693 1644 766 ἐξῄτησε
1694 696 1810 749 τὸν

113 775 646 852 Δημοσθένηνξὸ
694 784 894 851 δῆμος
941 781 1136 853 ᾔτησε
1181 781 1375 836 πέντε
1428 782 1668 854 ἡμέρας
1715 786 1807 846 εἰς

112 872 476 935 διάσκεψιν.
509 870 579 925 ἐν
609 872 879 934 ταύταις
912 871 940 925 ὁ
965 871 1404 941 Δημοσθένης
1435 871 1806 926 ἀποθῖκνεῖν

868 960 1055 1025 ἀξιοῖ

729 1078 1186 1149 <Δημοσθένης>.
1851 1101 1872 1134 5

224 1184 268 1236 1.
308 1180 411 1237 Ὃν
459 1181 561 1251 μὲν
608 1182 940 1252 ἐβουλόμην,
996 1180 1038 1237 ὦ
1086 1184 1283 1255 ἄνδρες
1330 1183 1622 1253 Ἀθηναῖοι,
1667 1188 1790 1233 RIV
1806 1193 1892 1233 817

0 1269 14 1354 J
106 1275 314 1340 τρόπον
359 1272 693 1341 ἀποθανεῖν,
746 1279 949 1326 τοῦτον
1003 1273 1106 1325 οὐκ
1150 1270 1426 1341 ἐξεγένετό
1472 1292 1566 1342 μοι
1619 1278 1801 1326 τελευ-

0 1419 5 1423 ,
107 1370 267 1429 τῆσαι
306 1359 494 1434 πρῴην
533 1360 620 1415 ἐπὶ
660 1370 756 1431 τῆς
792 1363 983 1431 μάχης,
1021 1359 1134 1415 ἔδει
1177 1363 1282 1429 γὰρ
1323 1361 1497 1425 οὕτως
1536 1361 1802 1415 ἀπελθεῖν

3 1491 21 1526 4
106 1459 207 1504 τοῦ
254 1453 381 1520 βίου
428 1450 811 1520 Δημοσθένην
857 1453 1172 1520 μαχόμενον
1218 1451 1309 1504 καὶ
1362 1451 1434 1521 μὴ
1481 1453 1657 1520 μόνον
1707 1451 1802 1504 διὰ

0 1538 13 1565 ’·
105 1541 454 1608 τῶν-λόγων,
494 1539 632 1593 ἀλλὰ
669 1538 761 1593 καὶ
802 1541 895 1594 διὰ
932 1547 1033 1593 τοῦ
1073 1541 1322 1607 σώματος
1359 1544 1629 1610 χρήσιμον
1666 1539 1801 1607 ὑμῖν
1824 1561 1868 1594 10

10 1606 16 1665 s
107 1631 427 1698 γενόμενον·
483 1626 672 1698 ἐπειδὴ
728 1629 790 1682 δὲ
843 1629 912 1682 οὐ
957 1630 1094 1682 κατὰ
1139 1630 1233 1692 τὰς
1279 1627 1542 1698 ἡμετέρας
1579 1629 1801 1698 γνώμας

105 1722 309 1770 εἴωθεν
355 1716 604 1771 ἀπαντᾶν
649 1719 717 1771 τὰ
762 1717 887 1786 τέλη
935 1727 1046 1771 τῶν
1098 1719 1458 1787 πραγμάτων,
1514 1715 1600 1786 ἐφ’
1657 1717 1800 1787 ὑμᾶς

104 1803 387 1874 ἀπήντηκα
425 1807 762 1874 βουλόμενος
801 1806 859 1859 ἐκ
897 1809 1299 1876 προσαγγελίας
1338 1806 1664 1875 ἀποθανεῖν,
1704 1806 1797 1859 ἵνα

221 1965 275 2008 Η
370 1987 425 2002 =
452 1965 605 2011 Codex
636 1966 1089 2022 Hierosolymitanus
1122 1966 1166 2010 S.
1193 1965 1403 2023 Sepulcri
1430 1970 1512 2010 107

232 2025 276 2069 V
367 2047 423 2062 =
447 2025 705 2070 Vaticanus
737 2042 805 2084 gr.
840 2031 927 2071 940

223 2084 333 2128 Mat
367 2106 422 2120 =
447 2085 737 2129 Matritensis
770 2085 813 2129 N
830 2112 846 2118 -
868 2090 952 2130 130

224 2144 343 2188 Mon
367 2166 422 2180 =
448 2144 739 2188 Monacensis
772 2160 838 2202 gr.
866 2149 922 2189 96

222 2203 287 2246 Li
350 2211 424 2240 '=
450 2202 706 2260 Lipsiensis
736 2205 862 2248 univ.
895 2219 964 2262 gr.
989 2208 1046 2248 38

222 2355 246 2393 6
280 2349 387 2394 Her.
416 2350 453 2394 V
480 2355 578 2395 105.
612 2350 742 2396 Dem.
767 2367 810 2408 p.
839 2357 968 2406 1052,
986 2356 1064 2406 26;
1100 2356 1301 2407 1302,19

226 2504 247 2541 1
282 2495 505 2555 χερωνεία
539 2499 809 2544 VMatMon
851 2501 857 2554 Ι
907 2497 1092 2556 ἐξῄτησε
1125 2499 1290 2556 scripsi
1322 2513 1378 2543 ex
1400 2501 1457 2544 H
1484 2513 1589 2543 cum
1621 2499 1791 2544 Sohae-

100 2555 200 2601 fero
231 2557 386 2601 Melet.
421 2557 470 2600 in
502 2557 636 2601 Dion.
670 2558 773 2602 Hal.
801 2562 856 2601 75
887 2558 1096 2602 Iacobsio
1129 2558 1243 2602 Lech
1269 2563 1351 2602 149
1384 2559 1480 2602 Rev
1504 2563 1589 2602 425
1624 2557 1789 2602 Schulz

101 2620 157 2659 57
191 2617 239 2659 et
270 2615 442 2660 Cobeto
474 2616 592 2660 Misc
626 2621 708 2660 141
771 2615 954 2673 ἐζήτησε
988 2618 1324 2662 VMatMonLi
1352 2618 1421 2662 Re
1563 2623 1589 2660 3
1622 2617 1790 2662 ἑαυτὸν

101 2675 426 2732 προσαγγέλλει
451 2676 514 2719 Li
546 2677 593 2719 et
624 2677 787 2719 auctor
818 2675 969 2719 libelli
998 2677 1106 2731 περὶ
1132 2676 1390 2730 συντάξεως
1414 2675 1689 2721 Coisliniani
1713 2675 1787 2732 (cf.

101 2748 146 2789 p.
173 2738 273 2789 308,
295 2738 369 2789 1ος
410 2739 510 2789 309,
528 2739 576 2788 8,
617 2739 719 2789 313,
738 2738 779 2791 1)
819 2737 867 2778 eb
900 2734 1135 2779 Macarius
1166 2736 1243 2791 (cf.
1274 2751 1319 2792 p.
1346 2740 1447 2791 300,
1464 2739 1508 2792 8)
1530 2735 1600 2779 cf.
1632 2750 1677 2791 p.
1703 2739 1788 2778 290

100 2795 183 2836 not
208 2799 230 2836 1
376 2798 402 2836 5
443 2792 750 2850 Δημοσθένης
778 2793 954 2838 inserui
1030 2808 1105 2838 om
1135 2794 1244 2838 libri
1275 2795 1343 2839 Re
1487 2799 1512 2837 6
1554 2790 1589 2837 ὦ
1621 2793 1789 2849 ἄνδρες

100 2849 335 2907 Αθηναῖοι
358 2866 435 2896 om
451 2853 516 2896 In·
634 2856 661 2896 8
684 2854 846 2909 πρώην
861 2852 970 2896 libri
983 2856 1101 2910 (πρω
1121 2856 1245 2910 Mat)
1262 2854 1330 2897 Re
1453 2858 1508 2896 10
1531 2860 1624 2897 τῶν
1638 2852 1788 2910 λόγων

100 2922 127 2952 e
157 2911 238 2954 τὸν
269 2910 406 2967 λόγον
437 2925 539 2954 corr
570 2910 631 2954 1²
