2010 3168
142 1032 187 1064 10

205 76 317 129 218
677 75 907 120 LIBANII
938 75 1329 121 DECLAMATIO
1361 75 1490 120 XVH

204 218 373 265 τοῦτο
427 211 737 280 ἡγησάμην,
791 213 1054 281 Αἰσχίνη,
1108 212 1266 281 <δεῖν
1319 211 1740 282 προφέρεσθαι)
1791 222 1902 267 τῶν

205 304 460 352 ,παλαιῶν
491 298 719 352 ἐκείνων
751 302 949 368 λόγους
979 298 1105 368 παρ’
1146 300 1349 370 ἀνδρὸς
1379 302 1702 370 πυλαγόρου
1737 322 1902 371 μαχο-

211 387 412 456 μένους
466 387 628 460 ἀνοία
687 388 1013 463 χαριζομένῃ
1067 389 1382 459 βαρβάροις.
1450 390 1621 442 καλὸν
1682 385 1753 458 ’ἦν
1811 389 1903 443 καὶ

210 484 375 530 τοῦτο
415 479 545 540 τοὺς
585 476 1040 547 ἐπιγιγνομένους
1078 477 1320 546 ἀκούειν,
1360 477 1444 530 ὅτι
1483 479 1681 541 πάντες
1719 477 1902 548 καιροὶ

210 567 340 627 τοὺς
385 567 699 633 προγόνους
746 565 994 634 ἀγαθοὺς
1042 566 1325 635 εὕρισκον,
1373 567 1430 619 οἰ
1472 576 1584 619 τῶν
1629 566 1903 636 πολέμων,

212 655 264 706 οἱ
304 663 416 707 τῶν
453 652 649 724 ἔργων,
689 656 748 708 οἱ
780 664 892 707 τῶν
931 657 1126 723 λόγων.
1179 657 1247 708 σὺ
1296 652 1356 707 δὲ
1396 656 1624 723 σιγήσας
1663 655 1773 709 ἐκεῖ
1810 654 1903 708 καὶ

210 744 577 812 καταισχύνας
629 744 861 806 τούτους
912 746 1061 815 αἰτιᾷ
1112 752 1208 813 τῆς
1263 751 1470 797 σαυτοῦ
1528 747 1720 807 κακίας
1772 746 1904 807 τοὺς

212 831 611 900 ἀμφικτύονας,
652 835 709 886 οἳ
745 832 812 885 οὐ
860 832 1038 900 δήπου
1087 847 1176 886 σοι
1222 833 1283 885 τὸ
1333 835 1505 901 στόμα
1552 831 1902 902 ἐνέφραττον.

320 920 407 973 48.
431 919 693 974 ’Ἑδεισα
733 922 876 990 γάρ,
917 924 1078 990 φησί,
1124 922 1204 990 μὴ
1252 923 1533 990 πόλεμος
1579 921 1734 990 ἡμῖν
1781 921 1902 975 ἀπὸ

212 1018 335 1062 τῶν
375 1007 543 1078 ἐμῶν
590 1008 856 1078 γένηται
904 1012 1115 1079 λόγων
1165 1010 1272 1063 καὶ
1318 1017 1634 1063 τοσαῦται
1679 1012 1904 1072 πόλεις

212 1098 746 1168 ἀπεχθανόμεναι
793 1106 981 1168 κοινῇ
1030 1101 1375 1169 στρατείαν
1415 1097 1518 1152 ἐπὶ
1556 1099 1672 1167 τὴν
1709 1101 1904 1152 πόλιν

210 1190 627 1256 ποιήσωνται.
661 1187 750 1240 ὅτε
782 1189 850 1256 δὴ
887 1187 1111 1251 Φωκέας
1143 1187 1415 1256 ἀπώλλυς,
1447 1187 1625 1240 ἐκεῖνο
1661 1187 1762 1240 οὐκ
1795 1187 1903 1240 ἐδε-

211 1276 416 1338 δοίκεις
446 1277 518 1345 μὴ
552 1277 825 1345 μεγάλους
848 1279 1085 1346 ποιήσῃς
1108 1280 1239 1339 τοὺς
1263 1278 1465 1339 ἄλλους
1488 1278 1617 1338 τοὺς
1649 1276 1903 1344 ἀπεχθῶς

211 1365 346 1433 πρὸς
383 1366 484 1434 τὴν
522 1366 686 1418 πόλιν
725 1367 962 1435 ἔχοντας.
1002 1366 1089 1418 49.
1129 1364 1248 1418 ἀλλ’
1295 1365 1363 1419 ἐῶ
1404 1373 1584 1433 τοῦτο,
1625 1364 1800 1418 ἐκεῖνο
1842 1362 1903 1417 δὲ

168 1477 184 1508 5
211 1453 507 1523 ἀπόκριναί
541 1470 656 1522 μοι·
695 1456 932 1524 πότερον
963 1453 1131 1508 πάλαι
1163 1459 1457 1523 φιλοῦντες
1486 1455 1585 1507 τὸν
1621 1455 1902 1507 Φίλιππον

330 1619 355 1657 8
392 1614 450 1658 cf.
482 1614 745 1668 t.1143‚7;
795 1618 960 1668 248‚3;
1009 1619 1205 1669 425,14;
1253 1615 1566 1669 t.11141‚11;
1615 1618 1811 1668 288‚23;
1859 1614 1900 1657 V

213 1678 282 1728 54,
304 1679 369 1717 14.
403 1674 534 1717 Dem.
567 1689 612 1729 p.
639 1678 784 1727 406,5
909 1677 970 1717 12·
996 1673 1053 1717 cf.
1078 1689 1122 1730 p.
1151 1678 1317 1728 215‚12
1442 1679 1494 1717 12
1528 1673 1658 1717 Dem.
1683 1689 1727 1730 p.
1755 1677 1899 1729 61‚25

331 1827 352 1864 1
373 1820 615 1879 ἡγησάμην
634 1821 721 1865 Μα
740 1821 823 1865 sed
839 1823 938 1878 η(2)
956 1821 1005 1864 in
1021 1834 1097 1864 ras
1114 1822 1184 1864 m²
1244 1836 1355 1865 num
1371 1820 1632 1878 ἡγησαίμην
1648 1819 1736 1866 ἂνὶ)
1766 1825 1771 1876 Ι
1800 1824 1899 1866 δεῖν

211 1879 535 1936 προφέρεσθαι
557 1880 733 1924 inserui
794 1894 869 1924 om
891 1881 1000 1925 libri
1018 1880 1109 1924 edd
1126 1895 1266 1936 „num
1283 1878 1473 1925 ἐκείνων
1489 1883 1590 1925 δεῖν
1607 1879 1900 1936 παραφέρειν

205 1939 326 1995 ’πρὸς
342 1938 506 1997 λόγους
521 1938 633 1994 παρ’
654 1939 893 1995 ἀνάνδρου
909 1938 1177 1996 πυλαγόρου
1194 1939 1454 1998 μαχόμενος
1463 1940 1590 1983 ‘?“Re
1683 1944 1707 1982 2
1727 1939 1901 1995 ἀνδρὸς

214 2002 259 2043 et
293 2003 317 2040 3
350 1997 623 2058 χαριζομένῃ
657 1999 844 2055 reposui
875 2012 899 2042 e
931 1999 1063 2043 libris
1125 1998 1365 2054 ἀνάνδρου
1398 2002 1442 2042 et
1475 1997 1777 2056 χαριζομένου
1809 1998 1899 2042 edd

272 2057 567 2116 μαχομένουῗ
710 2063 737 2100 4
783 2058 892 2110 τοὺς
932 2058 1311 2114 ἐπιγιγνομένους
1349 2058 1514 2115 scripsi
1552 2071 1608 2101 ex
1631 2059 1819 2102 AthMa

204 2123 307 2167 v1702’5*
338 2116 706 2174 ἐπιγιγνομένοις
730 2118 775 2160 Ρ
804 2117 894 2161 edd
956 2123 981 2161 6
1013 2116 1161 2174 λόγων
1188 2119 1276 2162 Ma
1315 2120 1320 2169 Ι
1361 2117 1519 2174 ἔργων,
1553 2117 1597 2160 οἱ
1628 2124 1720 2161 τῶν
1743 2116 1899 2172 νόμων

212 2177 301 2219 Ma
329 2178 334 2232 Ι
362 2177 442 2219 καὶ
467 2190 542 2219 om
569 2178 657 2220 Ma
780 2181 803 2220 7
835 2182 917 2232 τῆς
940 2183 1113 2221 σαυτοῦ
1142 2173 1310 2228 κακίας
1341 2177 1520 2232 scripsi,
1551 2178 1605 2218 ut
1636 2175 1740 2220 coni
1771 2176 1839 2219 Re

211 2240 291 2291 τῆς
326 2235 469 2279 αὐτοῦ
501 2232 670 2287 κακίας
696 2237 784 2280 Ma
858 2243 912 2294 τῇ
954 2243 1125 2280 σαυτοῦ
1157 2234 1299 2280 κακία
1332 2236 1472 2279 AthP
1500 2235 1591 2279 edd
1733 2238 1759 2277 8
1803 2231 1898 2279 ἐνέ-

212 2310 418 2349 φραττον
450 2294 614 2351 scripsi
647 2293 738 2339 coll
765 2293 814 2339 H.
840 2294 887 2339 ll.
952 2294 1241 2350 ἐπέφραττον
1267 2281 1375 2337 fibri
1407 2294 1498 2338 edd
1531 2294 1612 2338 sed
1645 2299 1757 2348 „aut
1787 2292 1896 2337 ἀπέ-

212 2369 418 2408 φραττον
452 2353 531 2410 ley.
564 2359 647 2398 aut
685 2351 997 2409 ἐνέφραττον(
1029 2355 1097 2397 Re
1241 2358 1266 2397 9
1299 2353 1410 2411 ἡμῖν
1441 2353 1615 2397 inserui
1640 2366 1695 2396 ex
1711 2353 1899 2396 AthMa

272 2425 345 2455 om
374 2413 419 2456 P
446 2412 536 2455 edd
659 2417 711 2455 11
745 2410 1130 2470 ἀπεχθανόμεναι
1163 2413 1327 2469 scripsi
1359 2412 1449 2456 coll
1474 2414 1502 2455 1.
1531 2416 1584 2455 13
1611 2413 1657 2455 et
1680 2427 1724 2467 p.
1744 2415 1897 2466 221,7‚

209 2471 263 2514 ut
293 2470 406 2514 olim
438 2470 543 2514 coni
574 2471 735 2515 Iacobs
761 2472 873 2515 Lech
898 2476 983 2515 216
1060 2470 1323 2530 ἀχθόμεναι
1361 2471 1473 2514 libri
1504 2470 1595 2514 edd
1634 2471 1715 2514 sed
1751 2471 1895 2526 „vide-

208 2536 286 2574 tur
325 2530 503 2585 aliquid
534 2530 701 2574 deesse“
737 2530 825 2583 Re,
867 2532 914 2574 et
953 2530 1163 2574 defendit
1202 2530 1365 2574 Iaeobs
1398 2530 1524 2573 Anth
1555 2528 1639 2572 Pal
1670 2528 1733 2571 111
1767 2533 1850 2573 116

209 2594 344 2643 κοινῆ
371 2589 417 2631 Ρ
445 2588 546 2632 Mor
690 2594 743 2632 12
776 2589 1050 2644 ποιήσονται
1080 2590 1182 2634 Mor
1231 2592 1235 2645 Ι
1287 2589 1337 2634 δὲ
1364 2591 1453 2633 Μα
1493 2590 1540 2632 οὺ
1576 2587 1754 2631 mavult
1784 2588 1852 2631 Re

207 2654 344 2691 τοῦτο
373 2649 461 2691 Μα
585 2651 637 2689 14
669 2648 753 2704 τὴν
784 2646 918 2692 πόλιν
948 2648 1135 2704 reposui
1167 2662 1191 2692 e
1215 2648 1349 2691 libris
1409 2647 1467 2692 τὰ
1498 2644 1672 2697 πόλεως
1699 2647 1790 2691 edd
1815 2647 1896 2690 sed

211 2723 264 2762 γρ
296 2705 381 2761 τὴν
410 2703 546 2750 πόλιν
582 2706 631 2748 in
671 2721 804 2764 marg
841 2707 942 2750 Mor
981 2710 1027 2750 et
1059 2708 1244 2762 „malim
1282 2722 1383 2751 cum
1421 2707 1624 2763 maryine
1662 2705 1778 2761 πρὸς
1810 2705 1895 2761 τὴν

208 2762 375 2808 πόλιν“
407 2765 475 2808 Re
546 2764 603 2808 τὰ
635 2771 715 2820 τῆς
744 2764 917 2817 πόλεως
948 2766 1109 2810 Iacobs
1141 2767 1247 2822 App
1281 2766 1390 2810 Pors
1422 2765 1522 2808 Adv
1548 2769 1632 2807 287
1667 2765 1778 2808 Lech
1809 2769 1893 2808 216

210 2823 306 2867 Rev
338 2827 422 2866 427
475 2827 480 2879 Ι
531 2822 575 2868 δ’
611 2826 656 2868 Ρ
681 2825 748 2868 Re
872 2831 925 2869 15
966 2828 1207 2881 φιλοῦντες
1239 2825 1405 2880 scripsi
1435 2825 1622 2868 auctore
1655 2822 1836 2867 Sinteni

209 2880 403 2937 ἐφίλουν
434 2882 543 2926 libri
576 2883 666 2925 edd
