2010 3168
206 109 240 161 2
245 109 316 162 84
672 108 899 153 LIBANH
929 107 1318 153 DECLAMATIO
1350 109 1454 153 XIX

207 243 257 299 δ’
303 246 396 313 ἄν,
448 246 500 298 εἰ
541 247 799 314 ψήφισμα
844 252 1064 298 τοιοῦτο
1111 247 1351 314 νικήσειε
1396 241 1522 314 παρ’
1576 245 1724 314 ὑμῖν.
1772 243 1896 298 ἀλλ’

206 335 273 387 οὐ
328 337 563 403 νικήσει,
627 331 814 403 μέχρις
867 332 937 386 ἂν
983 326 1019 404 ᾗ
1062 333 1320 403 κώνειον,
1375 333 1507 387 οὐδὲ
1559 333 1760 402 γράψει
1812 354 1901 398 τις

204 422 522 491 Ἀθήνησιν·
556 419 739 486 ἔδοξε·
769 430 842 492 τῇ
875 425 1080 492 βουλῇ
1111 420 1332 494 καὶτῷ
1359 423 1534 494 δήμῳ
1565 431 1692 475 τῶν
1715 421 1894 491 Ἀθη-

203 515 407 565 ναίων
446 509 844 580 Δημοσθένη
875 511 1061 580 (τὸν>
1099 510 1426 564 Παιανιέα
1471 511 1769 583 Φιλίππῳ
1809 519 1896 583 τῷ

158 600 543 653 5Μακεδόνι
592 600 911 652 δεδόσθαι
951 599 980 652 ὅ
1019 619 1078 651 τι
1125 599 1436 666 βούλεται
1483 605 1783 669 χρῆσθαι.
1821 601 1898 669 μὴ

203 689 307 759 γὰρ
349 687 561 752 δέξαιτο
599 695 826 741 τοιαῦτα
864 688 926 740 τὸ
963 691 1236 759 Μητρῷον
1275 688 1559 758 γράμματα
1589 685 1727 756 μηδὲ
1765 688 1897 742 ἀνα-

201 780 425 846 μιχθείη
472 785 586 839 τοῖς
626 774 881 846 Ὑπερίδῃ
928 775 1019 829 καὶ
1066 775 1379 844 Δημομέλει
1429 778 1553 846 περὶ
1600 774 1733 843 ἐμοῦ
1773 779 1896 845 <ys-

201 865 571 936 γραμμένοις>
609 865 766 934 ἕτερα
806 865 1036 927 ἐκείνοις
1084 864 1329 932 ἐναντία,
1377 865 1604 935 αἰσχρὸν
1642 865 1773 934 γάρ,
1813 867 1894 918 αἰ-

202 956 375 1025 σχρὸν
420 954 480 1008 ἐν
527 955 694 1024 ταύτῇ
744 957 900 1007 πόλει
945 955 1043 1007 τὸν
1091 954 1262 1007 αὐτὸν
1301 955 1606 1023 ἄνθρωπον
1650 962 1759 1007 νῦν
1797 952 1898 1024 μὲν

134 1065 177 1098 ιο
202 1043 396 1113 ἀρετῆς
442 1043 600 1096 ἕνεκα
653 1042 1100 1112 ἐστεφανῶσθαι,
1148 1045 1346 1113 μικρὸν
1394 1040 1455 1096 δὲ
1500 1043 1735 1113 ὕστερον
1780 1053 1900 1106 τοῖς

203 1132 426 1202 ἐχθροῖς
457 1132 797 1186 ἐκδίδοσθαι.
831 1130 949 1185 ἀλλ’
980 1134 1115 1185 ἔστω
1147 1132 1208 1185 τὸ
1241 1136 1555 1185 τελευταῖον
1589 1133 1897 1201 σύμφωνον

200 1231 315 1284 τοῖς
345 1223 692 1290 προλαβοῦσι
723 1222 1089 1290 ψηφίσμασιν.
1131 1219 1492 1290 ἐστεφανώθη
1533 1219 1561 1273 ὁ
1600 1220 1894 1289 Δημοσθέ-

199 1330 299 1379 νης
345 1307 438 1363 ὑπ’
491 1308 816 1378 Ἀθηναίων.
870 1316 1040 1362 ταῦτα
1093 1313 1355 1376 κρατείτω
1411 1307 1501 1361 καὶ
1548 1308 1774 1378 τριβέτω
1813 1329 1897 1371 τις

198 1399 260 1451 τὸ
303 1399 608 1469 φάρμακον.

130 1508 173 1541 15
311 1486 395 1540 36.
449 1483 603 1539 Ἀλλ’
662 1486 990 1556 ὀργιεῖται
1051 1489 1396 1555 Φίλιππος,
1469 1485 1582 1555 ἐρεῖ
1648 1505 1729 1548 τις
1782 1495 1898 1539 τῶν

195 1573 322 1646 παρ’
394 1575 607 1629 ἐκείνου
672 1575 1093 1643 πλουτούντων,
1163 1574 1367 1637 οὕτως
1437 1574 1896 1637 ἀποθανόντος

198 1664 372 1733 ἐμοῦ.
412 1664 725 1732 βούλεται
772 1664 891 1732 γὰρ
940 1664 1134 1726 αὐτὸς
1185 1671 1293 1731 τῆς
1332 1670 1538 1732 ψυχῆς
1576 1671 1893 1731 καταστῆ-

197 1774 306 1806 ναι
345 1753 591 1821 κύριος.
631 1752 793 1819 ἥδιον
831 1748 932 1818 μὲν
965 1751 1140 1804 ἐκεῖνο
1180 1758 1254 1824 τῷ
1294 1754 1567 1824 Φιλίππῳ,
1606 1750 1695 1804 καὶ
1729 1752 1897 1815 αὐτὸς

197 1842 298 1895 οὐκ
346 1841 556 1909 ἀγνοῶ,
604 1840 804 1909 μικρὸν
851 1837 912 1892 δὲ
959 1840 1092 1893 οὐδὲ
1138 1848 1316 1894 τοῦτο.
1363 1839 1453 1894 καὶ
1502 1842 1605 1910 γὰρ
1659 1842 1706 1893 εἰ
1745 1843 1892 1912 νόσῳ

315 1962 341 2001 6
374 1956 431 2001 ef.
464 1971 508 2012 p.
538 1960 705 2010 336,4;
747 1960 913 2011 354‚9;
955 1958 987 1999 t.
1013 1956 1078 1999 IV
1103 1961 1300 2012 257,16;
1342 1961 1538 2012 278,15;
1573 1956 1772 2012 296‚7R

194 2021 218 2059 7
253 2016 383 2061 Dem.
417 2029 507 2060 cor.
541 2030 587 2072 p.
614 2019 715 2071 302,
735 2020 790 2059 25

312 2125 337 2162 2
371 2118 550 2174 νικήσει
582 2120 631 2162 et
661 2118 834 2176 γράψει
866 2119 1031 2175 scripsi
1072 2133 1177 2163 cum
1211 2119 1423 2163 Iacobsio
1455 2119 1552 2163 Rev
1585 2124 1610 2163 3
1688 2119 1892 2174 νικήσειε

193 2180 240 2223 et
263 2178 460 2236 γράψειε
485 2177 594 2221 libri
620 2178 713 2222 edd
834 2183 859 2221 2
892 2195 962 2228 τις
987 2192 1062 2222 om
1079 2179 1174 2222 Ath
1295 2183 1320 2222 3
1346 2177 1591 2233 Ἀθήνησιν
1616 2179 1780 2235 scripsi
1805 2193 1829 2222 ο
1847 2180 1896 2223 Ρ

252 2237 461 2294 ἀθήνησι
477 2238 571 2282 Ath
632 2235 798 2296 Αθήνῃ
804 2251 847 2280 σι
865 2237 957 2281 edd
1077 2244 1104 2280 4
1121 2237 1203 2281 τὸν
1229 2237 1405 2281 inserui
1430 2237 1570 2281 collt.
1588 2237 1653 2281 IV
1669 2243 1768 2290 257,
1781 2242 1806 2280 2
1823 2238 1889 2293 R,

190 2311 236 2353 p.
263 2299 364 2351 238,
384 2302 460 2349 11,
492 2295 557 2339 IV
575 2300 675 2350 118,
695 2301 717 2338 l
782 2310 858 2340 om
889 2295 998 2340 libri
1032 2296 1122 2339 edd
1245 2301 1269 2338 5
1303 2313 1374 2340 οτι
1397 2297 1492 2340 Ath
1529 2299 1534 2353 Ι
1573 2296 1785 2354 βούλεται
1818 2310 1885 2340 re-

190 2355 326 2412 posui
351 2369 376 2399 e
400 2354 534 2398 libris
598 2355 818 2413 βούληται
850 2355 943 2399 edd
1065 2359 1090 2398 6
1123 2354 1308 2408 δέξαιτο
1342 2355 1507 2411 scripsi
1533 2370 1636 2399 cum
1661 2354 1816 2399 Gasda
1841 2358 1891 2400 et

191 2413 364 2459 Cobeto
406 2413 615 2458 (3011287
695 2413 872 2467 δέξοιτο
905 2413 1016 2456 libri
1048 2413 1138 2457 edd
1189 2419 1194 2468 Ι
1245 2414 1304 2469 μὴ
1346 2414 1397 2458 δὲ
1423 2416 1470 2459 Ρ
1610 2419 1633 2458 7
1670 2412 1885 2473 Τπερίδῃ

190 2473 355 2530 scripsi
388 2472 479 2518 coll
509 2487 554 2528 p.
581 2477 785 2527 287,15·
833 2477 1039 2527 332‚14;
1072 2474 1105 2516 t.
1129 2472 1192 2515 IV
1226 2477 1335 2527 265,
1353 2478 1400 2526 4;
1443 2477 1550 2527 306,
1572 2479 1646 2529 14,
1680 2478 1789 2527 313,
1809 2478 1886 2528 113

191 2533 430 2588 321,14Β,
504 2530 716 2586 ὑπερίὸει
748 2533 842 2576 Ath
883 2508 973 2576 ed'd
1051 2531 1249 2588 ὑπερίδῃ
1285 2508 1335 2576 P
1395 2530 1633 2591 Τπερείδῃ
1668 2531 1812 2576 Cobet

181 2569 427 2644 ε”1’περι’ὃου
468 2589 624 2634 Gasda
674 2592 680 2646 Ι
729 2589 988 2647 Δημομέλει
1030 2591 1216 2646 reposui
1257 2604 1281 2635 e
1321 2591 1453 2635 libris
1494 2605 1598 2634 cum
1638 2590 1809 2635 Cobeto

189 2649 318 2710 δήμῳ
351 2649 474 2707 μέλει
505 2649 596 2692 edd
658 2648 956 2706 Δημομέλονς
989 2648 1147 2693 Gasda
1224 2649 1351 2708 δήμῳ
1385 2650 1511 2707 μέλοι
1541 2650 1704 2694 Iacobs
1735 2650 1832 2693 Rev
1856 2655 1882 2693 3

193 2709 198 2767 Ι
234 2697 565 2765 γεγραμμένοις
596 2707 770 2751 inserui
808 2722 913 2751 cum
945 2707 1118 2752 Cobeto
1197 2723 1270 2752 om
1301 2695 1410 2752 libri
1443 2709 1533 2753 edd
1678 2714 1702 2752 9
1739 2710 1882 2765 ταύτῇ

188 2768 353 2824 scripsi
426 2767 619 2825 τοιαύτῃ
651 2766 762 2809 libri
794 2767 886 2811 edd
961 2773 1016 2824 τῇ
1049 2768 1164 2824 αὐτῇ
1199 2766 1344 2811 Cobet
1393 2770 1399 2823 Ι
1449 2768 1592 2812 αὐτὸν
1625 2768 1883 2823 ἄνθρωπον

188 2826 353 2883 scripsi
416 2826 673 2880 ἄνθρωπον
704 2824 815 2869 libri
843 2826 934 2870 edd
996 2784 1164 2870 αὐτὸνῃ
1170 2825 1334 2870 Iacobs
1365 2826 1461 2893 Rev
1486 2830 1511 2868 3
1544 2828 1591 2870 et
1620 2826 1764 2870 Cobet

188 2890 242 2929 12
275 2884 499 2940 ψήφισμα
521 2885 614 2928 Ath
738 2888 792 2926 13
825 2882 908 2927 ὑπ’
945 2898 1111 2940 scripsi
1172 2901 1262 2929 υπο
1294 2885 1403 2928 11511
1437 2884 1526 2928 edd
1644 2889 1697 2928 18
1732 2885 1880 2929 ἐκεῖνο

187 2943 352 3000 scripsi
414 2944 590 2993 ἐκεῖνος
623 2944 714 2987 Ath
778 2939 965 2994 ἐκείνως
989 2945 1034 2987 Ρ
1062 2943 1151 2986 edd
