2010 3168
181 1061 224 1091 10

186 1506 228 1537 15

186 1948 230 1979 20

189 2390 233 2422 25

246 104 317 156 80
835 103 1125 148 GREGORII
1156 102 1356 147 CYPRII

248 243 604 308 ζομαχοῦντες
645 238 1038 307 ἐπεδειξάμεθα
1084 237 1174 291 καὶ
1221 242 1434 305 μείζους
1481 238 1690 293 ἑαυτῶν
1730 256 1934 309 προση-

246 330 452 390 κόντως
491 330 809 396 γεγόναμεν.
849 327 1037 397 ἕτερον
1076 328 1212 397 πρὸς
1257 337 1370 390 τοῖς
1416 328 1747 399 εἰρημένοις,
1795 329 1824 383 ὃ
1866 330 1934 398 δὴ

248 419 443 482 Κίμων
482 420 660 478 καλῶς
699 415 926 485 ἐξήνυσε
963 424 1090 482 μιᾶς
1128 417 1219 469 καὶ
1257 425 1351 485 τῆς
1391 417 1558 485 αὐτῆς
1604 417 1806 487 ἡμέρας
1844 436 1934 471 πε-

249 508 494 573 ζομαχῶν
527 506 635 574 ἅμα
665 504 756 558 καὶ
790 515 1086 575 ναυμαχῶν
1119 504 1205 557 ἐπὶ
1238 514 1332 574 τῆς
1362 506 1628 573 βασιλέως
1659 507 1936 575 θαλάττης

247 593 336 646 καὶ
377 603 487 662 γῆς,
528 592 617 646 καὶ
668 593 930 663 μέγιστον
961 591 1251 661 Ἀθηναῖοι
1297 596 1444 664 παρὰ
1490 603 1659 648 πᾶσιν
1706 593 1937 664 ἔσχομεν

250 685 436 748 ὄνομα.
476 683 562 734 49.
603 682 768 735 ταῦθ’
813 683 952 751 ἡμᾶς
990 683 1231 750 ὕψωσεν,
1272 681 1313 736 ὦ
1355 684 1805 753 Λακεδαιμόνιοι,
1846 684 1935 736 καὶ

247 772 519 840 μεγάλους
559 776 876 840 πεποίηκεν,
917 772 1017 840 οὐχ
1073 773 1209 841 ἅπερ
1258 768 1419 825 οὗτοί
1463 787 1622 841 φασι,
1670 774 1804 826 κατὰ
1843 781 1938 841 τῆς

241 858 501 922 Ἑλλάδος
547 871 734 929 τυχεῖν
781 860 1244 929 ἀγωνισαμένους.
1299 860 1580 930 ἠρξάμεθα
1630 863 1733 930 γὰρ
1781 861 1938 914 οὐδέ-

247 968 378 1002 ποτε
417 948 661 1018 πολέμου
701 951 839 1019 πρὸς
865 949 1151 1018 ’Ἐλληνας,
1192 951 1238 1016 εἰ
1280 948 1327 1002 δ’
1366 947 1526 1018 ἔτυχέ
1561 970 1642 1012 τις
1673 952 1938 1018 πρότερος

249 1038 388 1107 ἡμᾶς
418 1038 696 1106 ἀδικήσας,
720 1041 819 1092 τόν
848 1058 903 1090 τε
929 1041 1166 1105 πόλεμον
1199 1040 1606 1105 παρεσκεύασεν
1638 1039 1939 1106 ἀναγκαῖον

249 1126 337 1179 καὶ
377 1127 516 1195 ἡμᾶς
555 1127 780 1196 ἠρέθισε
819 1126 935 1180 κατ’
983 1127 1180 1195 αὐτοῦ,
1229 1127 1518 1196 ἐπειδήπερ
1567 1126 1625 1180 ἐκ
1672 1135 1771 1180 τοῦ
1812 1133 1937 1180 ἴσου

249 1218 459 1285 τρόπου
499 1217 668 1286 φίλον
706 1217 837 1285 ἡμῖν
875 1214 966 1269 καὶ
997 1220 1228 1285 μετρίως
1259 1219 1421 1285 ἔχειν,
1460 1222 1517 1269 εἴ
1547 1236 1628 1278 τις
1666 1217 1738 1284 μὴ
1771 1214 1939 1283 ἔγνω-

249 1324 345 1357 κεν
384 1305 522 1373 ἠμᾶς
561 1304 791 1379 ἀδικεῖν,
831 1306 920 1358 καὶ
963 1306 1257 1373 πολεμίως,
1306 1311 1360 1357 εἴ
1399 1326 1481 1367 τις
1518 1306 1590 1374 μὴ
1631 1305 1939 1375 φυλάσσειν

251 1393 432 1447 ἐθέλει
471 1395 536 1446 τὰ
584 1395 781 1446 δίκαια.
829 1403 941 1446 τῶν
981 1391 1042 1446 δὲ
1089 1396 1276 1462 νήσων
1323 1395 1412 1446 καὶ
1459 1403 1570 1446 τῶν
1616 1396 1830 1446 πόλεων
1877 1394 1940 1456 ἃς

251 1491 358 1536 νῦν
410 1486 604 1552 ἔχομεν
659 1483 859 1545 ἀδίκως
911 1484 1316 1552 κατειλήφαμεν
1379 1483 1655 1551 οὐδεμίαν.
1712 1483 1779 1535 οὐ
1835 1484 1939 1550 γὰρ

251 1573 721 1640 παραβιασάμενοι
747 1572 879 1624 οὐδὲ
910 1574 1059 1644 νόμω
1093 1571 1335 1638 πολέμου
1364 1575 1729 1641 κρατήσαντες
1760 1573 1939 1639 κεκτή-

252 1666 414 1728 μεθα,
462 1660 599 1713 ἀλλὰ
645 1670 756 1713 τῶν
811 1660 871 1713 ἐν
923 1661 1114 1723 αὐταῖς
1162 1660 1444 1731 ἀρχόντων
1483 1659 1572 1713 καὶ
1621 1661 1808 1728 δήμων
1848 1656 1933 1728 ἐφ’

254 1749 482 1811 ἑαυτοὺς
520 1752 881 1817 κεκληκότων,
920 1750 1055 1818 τάχα
1095 1749 1177 1802 ὅτι
1217 1751 1318 1818 τὴν
1358 1750 1494 1819 ὑπὲρ
1527 1749 1749 1802 πάντων
1788 1749 1942 1817 ἡμῶν

253 1839 542 1906 ἠγάπησαν
581 1840 863 1907 πρόνοιαν.
904 1837 1078 1900 οὕτως
1109 1838 1263 1906 ἡμεῖς
1293 1838 1394 1891 κάκ
1425 1838 1692 1891 τοιούτων
1734 1837 1943 1890 ἑαυτῶν

253 1930 470 1995 μείζους
516 1927 843 1995 ἐγενόμεθα,
890 1927 992 1995 οὐχ
1033 1927 1099 1980 ὃν
1138 1930 1344 1996 τρόπον
1385 1924 1545 1980 οὗτοί
1590 1940 1761 1995 φασιν
1816 1923 1935 1979 οὐδ’

256 2016 393 2068 ὅθεν
433 2018 622 2085 φασίν,
663 2013 782 2068 ἀλλ’
828 2015 966 2068 ὅθεν
1005 2014 1093 2068 καὶ
1135 2016 1291 2082 ὑμεῖς
1329 2014 1600 2085 μάρτυρές
1639 2013 1771 2067 ἐστε.

286 2131 289 2134 >
367 2104 452 2156 50.
486 2106 583 2173 Μὴ
615 2106 827 2172 τοίνυν,
862 2101 903 2157 ὦ
937 2105 1138 2173 ἄνδρες
1170 2105 1616 2171 Λακεδαιμόνιοι,
1648 2103 1943 2171 ἐθελήσητε

256 2202 372 2255 τοῖς
409 2194 622 2246 τούτων
659 2193 980 2255 πεισθέντες
1028 2195 1212 2261 λόγοις
1260 2191 1569 2261 ἐξαφθῆναι
1621 2191 1815 2244 αὐτίκα
1853 2190 1943 2244 καὶ

256 2283 393 2350 πρὸς
431 2285 673 2350 πόλεμον
712 2282 930 2334 ἀπιδεῖν
970 2282 1111 2334 οὕτω
1154 2279 1254 2349 μὲν
1295 2281 1525 2349 ἀπρεπῆ,
1566 2281 1708 2333 οὕτω
1754 2277 1814 2351 δὲ
1853 2279 1943 2332 καὶ

260 2370 535 2438 ὀλέθριον.
576 2369 665 2422 καὶ
707 2372 810 2438 γὰρ
851 2370 1165 2438 ἀπαντήσει,
1207 2372 1253 2421 εἰ
1296 2372 1656 2438 συμβήσεται,
1697 2368 1833 2421 ἀλλὰ
1872 2370 1943 2437 μὴ
1983 2358 1987 2362 ’

260 2461 498 2527 συμβαίη
538 2458 685 2528 ποτέ,
723 2460 902 2527 ὥσπερ
943 2459 1074 2527 ἡμῖν
1113 2457 1202 2510 καὶ
1242 2458 1375 2526 ὑμῖν
1407 2457 1824 2524 οὐκ-ἀκίνδυνα,
1855 2458 1946 2509 καὶ

259 2547 534 2615 πράξομεν
575 2547 877 2615 ἀμφότεροι
917 2549 1152 2616 αἰσχρῶς
1192 2546 1281 2598 καὶ
1322 2548 1671 2599 παντάπασιν
1714 2543 1947 2608 ἀναξίως

382 2740 435 2778 10
474 2737 817 2790 παρεσκεύασεν
850 2738 1110 2793 ἀναγκαῖον
1155 2736 1318 2792 scripsi
1359 2751 1382 2779 c
1415 2737 1510 2780 LV
1589 2735 1946 2789 παρεσκεύασεν,

262 2795 519 2850 ἀναγκαῖον
553 2795 690 2839 Schm
830 2802 882 2839 14
916 2795 966 2840 δὲ
1001 2795 1165 2850 scripsi
1225 2811 1273 2839 τε
1297 2796 1394 2839 LV
1421 2795 1558 2838 Schm
1696 2799 1748 2836 17
1784 2795 1946 2844 αὐταῖς

262 2854 426 2910 scripsi
451 2867 474 2896 e
502 2855 599 2898 LV
653 2855 811 2904 αὐτοῖς
843 2855 980 2898 Schm
1121 2858 1175 2897 20
1209 2853 1466 2910 ἐγενόμεθα
1492 2852 1656 2909 scripsi
1717 2851 1945 2908 γινόμεθα

260 2914 359 2956 LV
385 2913 523 2955 Schm
644 2918 696 2955 21
726 2911 828 2957 οὐδ’
859 2912 973 2958 ὅθεν
1006 2911 1150 2970 φασίν
1182 2912 1356 2956 inserui
1388 2926 1412 2956 c
1438 2913 1481 2955 L
1543 2926 1618 2955 om
1651 2913 1694 2955 V
1719 2911 1857 2954 Schm
