2010 3168
211 89 319 142 408
641 88 868 133 LIBANII
899 89 1288 134 DEGLAMATIO
1320 89 1468 133 XXIII

212 224 557 293 βουλομένου
598 221 658 278 δὲ
697 223 788 278 καὶ
826 229 1136 292 τολμῶντος
1184 225 1414 288 οὐδενὸς
1459 227 1626 294 μόνος
1673 222 1830 280 εἶπον
1868 226 1897 280 ὁ

210 315 377 380 μόνος
416 311 667 377 ἐκδοθεὶς
706 314 808 367 οὐκ
847 314 1031 383 ὀρθῶς
1070 310 1171 383 μὲν
1202 310 1333 367 οὐδὲ
1363 317 1739 383 νουνεχόντως
1770 313 1901 368 οὐδ’

212 401 409 470 ἐκεῖνα,
448 401 693 456 λέλεκται
733 401 781 455 δ’
828 403 986 470 ὅμως.
1025 402 1110 455 51.
1152 401 1279 456 ἀνθ’
1327 399 1405 456 ὧν
1443 404 1722 456 τοσούτων
1761 405 1899 474 εἰρη-

211 490 393 558 μένων
432 491 786 560 ἀποδοθῆναί
823 512 915 560 μοι
946 493 1047 560 τὴν
1078 499 1186 544 νῦν
1217 491 1452 561 ἡσυχίαν
1488 491 1634 556 ἀξιῶ.
1673 490 1763 545 καὶ
1793 493 1898 562 γὰρ

169 602 187 634 5
212 580 348 633 κατὰ
385 577 487 647 μὲν
526 582 586 633 τὸ
626 580 892 650 ὑμέτερον
932 581 1180 634 ἐκποδών
1221 582 1354 650 εἰμι,
1402 589 1465 651 τῇ
1513 578 1574 634 δὲ
1621 583 1900 635 Φιλίππου

212 670 392 739 χάριτι
431 670 522 723 καὶ
569 672 964 740 φιλανθρωπίᾳ
1013 673 1080 735 ζῶ
1129 668 1219 722 καὶ
1259 669 1622 740 περιέρχομαι.
1671 671 1738 723 οὐ
1777 671 1901 740 μήν,

213 757 431 828 ἐπείπερ
491 759 568 822 εἰς
622 759 721 827 τὴν
777 759 950 827 αὐτὴν
1014 761 1178 812 πόλιν
1243 757 1518 828 ἐπανήκω,
1579 760 1678 813 τὸν
1731 759 1902 813 αὐτὸν

215 841 356 900 εἷναι
388 846 694 914 νομιστέον.
727 845 857 900 οὐδὲ
883 848 1026 916 (μὴ)
1051 845 1227 901 ἐκεῖνό
1250 851 1349 915 μοί
1375 868 1457 911 τις
1489 853 1634 918 εἴπῃ·
1676 847 1901 918 ἐστρα-

213 938 491 1005 τήγησεν
521 934 919 1005 Ἀριστείδης
949 938 1302 990 κατελθών.
1336 937 1403 990 οὐ
1434 938 1537 1006 γὰρ
1562 936 1901 1007 Ἀριστείδην

148 1047 190 1079 10
215 1023 521 1088 ἐξεδώκατε.
569 1025 806 1094 <πάλιν>
852 1024 1319 1079 ἐπολιτεύσατο
1374 1024 1513 1094 παρ’
1566 1025 1722 1093 ὑμῖν
1779 1025 1903 1079 Ἀλ-

213 1134 275 1166 κι
287 1114 438 1182 βιάδ
448 1134 530 1181 ης.
596 1113 661 1166 οὐ
725 1115 828 1183 γὰρ
884 1113 1229 1183 Ἀλκιβιάδην
1289 1114 1444 1184 ὑμεῖς
1505 1116 1582 1178 εἰς
1636 1113 1902 1184 Σπάρτην

218 1201 503 1270 ἐπέμψατε.
538 1201 923 1272 ἐστρατήγει
954 1201 1059 1256 καὶ
1085 1205 1310 1272 Κίμων
1342 1205 1495 1270 μετὰ
1526 1205 1642 1273 τὴν
1674 1206 1903 1272 φυγήν.

215 1291 280 1344 οὐ
337 1292 440 1359 γὰρ
499 1290 713 1344 ἐκεῖνον
768 1291 944 1360 ἀφῆκε
1005 1293 1291 1355 Φίλιππος.
1346 1290 1452 1360 ἐγὼ
1508 1289 1569 1345 δὲ
1626 1292 1904 1361 ἀδοκήτως

215 1377 316 1449 μὲν
356 1379 625 1448 ἐκδοθείς,
663 1380 1060 1451 ἀδοκητότερον
1094 1381 1154 1434 δὲ
1186 1380 1433 1451 ἀφεθείς,
1474 1380 1543 1434 ἂν
1581 1381 1652 1450 μὴ
1687 1395 1904 1451 σωφρο-

151 1492 190 1524 15
215 1477 318 1537 νῶ,
372 1474 582 1522 θᾶττον
634 1468 934 1539 οἰμώξομαι
989 1477 1096 1523 νῦν
1145 1469 1176 1537 ἢ
1224 1471 1407 1524 πάλαι.
1461 1469 1546 1523 52.
1592 1471 1664 1538 μὴ
1711 1473 1905 1524 τοίνυν

215 1558 396 1628 ὥσπερ
460 1556 513 1621 ἐξ
577 1557 884 1627 ἀποδημίας
944 1557 977 1627 ἢ
1043 1560 1370 1629 στρατηγίας
1430 1559 1464 1627 ἥ
1525 1579 1674 1622 τινος
1736 1560 1905 1628 ἄλλης

216 1653 398 1715 φυγῆς
437 1644 816 1708 ἐπανελθόντα
854 1667 920 1714 με
958 1648 1204 1700 κελεύετε
1238 1649 1589 1718 δημηγορεῖν,
1629 1646 1745 1701 ἀλλ’
1786 1647 1905 1701 ἐᾶτε

214 1736 582 1805 μνημονεύειν
629 1735 768 1789 ὅθεν
813 1737 1050 1806 πάρειμι.
1108 1737 1236 1790 οὔτε
1289 1738 1392 1806 γὰρ
1446 1736 1599 1803 ὑμεῖς
1652 1735 1740 1789 ε’πὶ
1790 1747 1905 1799 τοῖς

218 1827 458 1893 συμβᾶσι
497 1824 715 1887 τούτοις
753 1826 1069 1895 προειδότες
1108 1833 1278 1878 ταῦτα
1318 1824 1604 1894 ἐπέμψατε,
1644 1823 1760 1878 ἀλλ’
1807 1826 1906 1894 ὠρ-

152 1936 195 1968 20
219 1911 457 1984 γισμένςο
519 1911 610 1966 καὶ
672 1918 886 1986 χαλεπῷ
948 1916 1220 1986 Φιλίππω,
1275 1916 1564 1983 χαίροντος
1614 1914 1905 1983 Αἰσχίνου,

336 2063 361 2102 2
394 2058 452 2102 of.
486 2059 547 2103 ad
577 2059 610 2104 t.
636 2058 701 2103 IV
725 2063 824 2115 249,
844 2064 868 2102 9

338 2198 360 2236 1
396 2192 446 2238 δὲ
470 2206 546 2236 om
565 2194 654 2237 Ma
681 2194 686 2249 Ι
714 2192 914 2249 μηδενὸς
938 2193 1130 2237 HVMa
1252 2198 1276 2237 2
1310 2199 1425 2237 νοῦν
1451 2191 1613 2250 ἔχοντα
1630 2192 1737 2236 HV
1791 2200 1905 2238 νοῦν

219 2253 406 2310 ἔχοντος
429 2252 648 2296 VaBPar
675 2256 682 2308 Ι
710 2251 820 2296 οὐδὲ
838 2253 892 2296 H
900 2252 1165 2296 VVaBPar
1286 2256 1310 2294 3
1345 2251 1395 2297 δὲ
1413 2251 1517 2296 HV
1633 2255 1657 2294 5
1692 2252 1905 2308 ἐμποδών

227 2313 296 2356 Va
438 2317 463 2354 6
495 2309 796 2367 περιέρχομαι
819 2312 865 2354 Ρ
893 2311 975 2354 sed
1008 2328 1032 2365 ρ
1064 2311 1189 2354 inser
1219 2311 1289 2353 m²
1433 2316 1456 2354 7
1499 2313 1681 2365 „malim
1713 2311 1793 2354 καὶ
1822 2311 1905 2355 τὸν

218 2370 389 2415 αὐτὸν“
422 2369 490 2413 Re
633 2374 659 2412 8
693 2369 717 2413 ὁ
750 2369 801 2414 δὲ
827 2370 879 2413 H
890 2370 1244 2414 VVaBParMa
1294 2372 1300 2424 Ι
1351 2370 1410 2426 μὴ
1439 2370 1613 2414 inserui
1689 2384 1762 2414 om
1795 2370 1904 2413 libri

219 2430 309 2474 edd
358 2431 365 2484 Ι
415 2426 564 2474 ἐκεῖνό
597 2429 694 2486 μοι]
730 2428 917 2473 ἐκείνων
943 2429 1045 2473 HV
1118 2428 1214 2472 ἐκεῖ
1251 2427 1392 2485 νόμος
1426 2430 1733 2474 VaBParMa
1782 2431 1788 2486 Ι
1837 2427 1901 2479 τίς

218 2490 275 2534 H
282 2489 466 2534 VBPar
525 2488 594 2537 τὶς
627 2489 696 2531 Va
744 2490 750 2544 Ι
792 2483 849 2543 ἦν
874 2488 930 2530 H
935 2488 1294 2532 VVaBParMa
1415 2493 1469 2532 10
1501 2487 1640 2532 πάλιν
1671 2488 1845 2531 inserui

219 2562 293 2592 om
325 2547 434 2591 libri
466 2547 557 2590 edd
589 2546 645 2590 cf.
678 2562 722 2602 p.
749 2551 849 2600 414,
871 2551 924 2590 15
1055 2552 1107 2590 11
1149 2547 1426 2605 ἀλκιβιάὸην
1452 2549 1498 2592 Ρ
1524 2547 1603 2591 sed
1636 2564 1663 2591 ν
1695 2562 1719 2590 e
1747 2561 1772 2590 σ
1805 2562 1905 2591 corr

219 2607 288 2650 m²
364 2604 611 2663 ἀλκιβιάδη
645 2606 729 2650 VB
761 2606 830 2648 Re
975 2610 1028 2648 12
1074 2605 1184 2661 μετὰ
1225 2620 1299 2649 om
1327 2607 1414 2650 Ma
1558 2611 1610 2648 13
1651 2606 1706 2649 οὐ
1740 2606 1905 2662 scripsi

220 2681 275 2709 ex
298 2666 626 2710 HVVaBPar
687 2664 795 2709 οὐδὲ
823 2665 958 2708 ΜαΡ
980 2664 1069 2707 edd
1194 2669 1247 2707 15
1274 2665 1527 2721 οἰμώξομαι
1551 2664 1712 2720 scripsi
1738 2679 1762 2708 e
1790 2667 1905 2709 VVa

219 2726 367 2770 BPar
457 2724 707 2780 οἰμώξομαι
731 2724 786 2766 Η
822 2723 951 2766 cuius
990 2722 1058 2766 fol
1089 2728 1169 2766 52¹⁷
1200 2724 1288 2767 hac
1319 2738 1429 2768 voce
1469 2723 1640 2766 desinit
1670 2738 1904 2780 unumque

219 2783 384 2828 folium
418 2797 508 2839 quo
541 2782 899 2826 conbinebantur
938 2795 1057 2838 quae
1089 2784 1346 2838 sequuntur
1383 2796 1529 2838 usque
1568 2782 1627 2825 ad
1659 2798 1703 2838 p.
1730 2788 1830 2834 414,
1851 2788 1903 2826 18

221 2844 458 2901 φοβοῦμαι
488 2841 651 2948 Ροτίἰῐξ,
680 2843 767 2886 Ma
829 2841 1070 2899 οἰμώξαιμι
1097 2843 1142 2888 Ρ
1171 2842 1261 2887 edd
1384 2846 1434 2887 17
1469 2857 1522 2900 με
1545 2842 1652 2899 posb
1680 2841 1781 2887 ἐᾶτε
1807 2844 1905 2890 Par

342 2906 396 2947 19
429 2898 561 2947 ταῦτ’
