2010 3168
199 118 306 171 338
666 116 895 161 LIBANH
924 116 1315 161 DECLAMATIO
1348 116 1454 161 XXI

198 251 339 323 μεθ’
373 248 460 306 ὧν
485 254 552 306 οἰ
569 255 890 321 πρόγονοι
915 252 1028 306 τὸν
1052 253 1286 320 Μῆδον
1311 251 1622 321 ἐνίκησαν
1647 252 1890 307 ἀνυπό-

200 356 442 395 στατον
491 335 664 394 εἶναι
713 342 1065 409 δοκοῦντα,
1109 341 1329 410 δοίητε
1375 341 1488 394 τὸν
1534 343 1891 411 ἄνθρωπον

198 438 436 484 τοῦτον
476 430 690 493 ἁπλῶς
727 428 833 482 καὶ
874 428 1124 492 ἀδόλως
1161 430 1404 498 ταύτην
1445 431 1561 499 τὴν
1600 430 1892 499 ἀλλαγὴν

201 521 611 587 ποιήσασθαι
650 519 810 589 πρὸς
849 519 965 587 τὴν
1002 521 1361 587 Ἀθηναίων
1399 521 1593 573 πόλιν
1631 520 1738 572 καὶ
1775 539 1889 588 μη-

155 608 316 662 5δὲν
355 615 768 677 φενακισμοῦ
807 605 945 675 μηδ’
993 603 1080 659 ὧν
1126 607 1322 660 εἴωθε
1366 605 1568 676 μηδὲν
1606 607 1744 676 (effac)
1781 615 1892 676 τῆς

199 697 400 751 αὑτοῦ
456 697 713 765 φύσεως
765 696 926 766 πρὸς
978 696 1046 748 τὸ
1100 706 1360 766 πρᾶγμα
1412 704 1605 750 τοῦτο
1655 710 1889 767 προσε-

197 795 475 855 νεγκεῖν.
516 787 735 847 εἰκότως
767 782 828 837 δὲ
860 784 1048 852 αὐτόν,
1080 781 1249 852 οἶμαι,
1282 784 1504 838 δέδοικα
1534 787 1633 839 τὸν
1672 786 1732 839 ἐν
1770 795 1892 849 ταῖς

199 876 508 942 συνθήκαις
545 873 579 942 ἢ
618 883 736 936 τοῖς
775 874 968 936 ὅπλοις
1006 873 1343 941 ἀδικήσαντα
1381 876 1562 928 πλείω.

319 1040 342 1078 1
377 1034 436 1078 cf.
467 1049 513 1091 p.
540 1038 641 1089 283,
661 1038 715 1078 15

320 1188 342 1225 1
378 1185 528 1239 δῆμον
554 1182 701 1228 ΜαΟΖ
731 1183 813 1227 sed
843 1182 894 1225 in
924 1183 1013 1226 hoc
1044 1184 1195 1238 μῆὸον
1224 1197 1439 1239 suprascr
1460 1182 1530 1226 m²
1650 1187 1675 1226 3
1708 1182 1890 1227 ἁπλοῦν

208 1243 266 1287 Vi
290 1242 371 1285 sed
396 1241 551 1293 ἁπλῶς
568 1255 784 1297 suprascr
806 1241 875 1285 m²
902 1243 909 1296 Ι
935 1249 1083 1286 ταῦτα
1101 1243 1191 1286 Μα
1312 1249 1337 1286 5
1364 1249 1641 1298 φενακισμῶ,
1657 1244 1714 1288 Vi
1740 1245 1745 1299 Ι
1773 1240 1884 1299 μηδ’

199 1297 264 1345 ὧν
291 1302 383 1345 Ma
413 1301 496 1345 sed
528 1298 575 1346 δ’
612 1298 646 1345 ὦ
677 1301 728 1344 in
758 1317 832 1345 ras
863 1301 935 1344 m²
995 1301 1054 1358 μὴ
1088 1299 1133 1346 δ’
1173 1302 1285 1346 ViOl
1311 1304 1317 1359 Ι
1357 1303 1406 1346 ἐκ
1437 1301 1611 1346 inserui
1672 1316 1747 1345 om
1779 1301 1888 1345 libri

198 1361 290 1404 edd
330 1360 412 1404 sed
455 1361 660 1416 „videtur
698 1361 792 1404 ἀπὸ
831 1362 900 1406 vel
937 1361 1066 1415 παρὰ
1105 1361 1273 1406 deesse“
1316 1361 1383 1405 Re
1527 1366 1553 1404 6
1597 1362 1740 1405 αὐτοῦ
1778 1360 1888 1404 libri

199 1419 291 1463 edd
338 1421 346 1475 Ι
393 1426 529 1464 τοῦτο
565 1422 654 1464 Μα
696 1420 778 1463 sed
819 1427 902 1464 τοῦ
945 1420 1070 1464 inser
1110 1420 1181 1463 m²
1323 1425 1350 1464 8
1393 1418 1667 1476 συνηθείαις
1706 1421 1763 1465 Vi
1805 1420 1889 1464 sed

199 1478 459 1534 συνθήκαις
487 1478 537 1521 in
567 1493 702 1536 marg
731 1478 801 1523 m2
