2010 3168
191 114 298 167 620
655 114 840 158 LIBAN
841 115 882 158 11
912 113 1302 158 DECLAMATIO
1334 114 1461 158 XXX

187 258 282 319 τῆς
320 251 560 312 νωθείας
598 249 688 303 καὶ
727 260 944 320 νεκροῖς
982 248 1244 317 ἐοικότες,
1293 249 1539 318 ἀκίνητοι
1586 251 1685 319 τὴν
1736 252 1876 318 γνώ-

186 358 321 407 μην,
376 338 444 391 οὐ
497 341 860 408 πληττόμενοι
930 347 1044 401 τοῖς
1099 337 1309 391 ἑαυτῶν
1365 349 1577 407 κακοῖς,
1639 338 1877 409 ἀτεχνῶς

187 429 405 480 λίθινοί
438 446 607 496 τινες,
652 426 778 497 περὶ
818 423 896 480 ὧν
934 428 967 496 ἡ
1007 427 1143 495 καλὴ
1183 430 1448 496 παροιμία
1486 430 1643 496 βοῦς
1689 427 1877 495 ἕβδο-

186 535 321 584 μος,
361 511 514 568 οὗτοι
552 516 654 582 μὲν
694 511 814 584 οὖν,
855 517 984 586 ὅπερ
1027 513 1186 585 ἔφην,
1227 513 1368 578 ἄξιοι
1410 516 1684 586 δακρύων,
1725 517 1782 570 οἱ
1818 515 1878 568 δ’

143 626 162 657 5
188 603 625 671 ἀγανακτοῦντες
678 603 804 673 μέν,
860 604 1039 672 ὥσπερ
1098 602 1226 673 ἐγώ,
1277 604 1609 673 κρύπτοντες
1664 602 1723 658 δὲ
1777 607 1877 658 τὸν

184 694 394 761 τρόπον
431 691 521 745 καὶ
561 695 890 762 βουλόμενοι
929 695 1252 760 νομίζεσθαι
1298 689 1400 759 μὲν
1439 692 1569 763 ὅπερ
1613 694 1714 747 οὔκ
1753 695 1877 762 εἰσι,

185 782 257 849 μὴ
298 782 485 834 δοκεῖν
525 781 587 834 δὲ
626 782 758 851 ὅπερ
805 782 976 850 εἰσίν,
1025 777 1178 834 οὗτοι
1228 790 1480 849 μισοῖντο
1521 782 1622 851 μὲν
1660 783 1751 850 ἄν,
1791 782 1876 834 ὅτι

185 872 257 939 μὴ
298 873 536 934 συζῶσιν
575 869 803 939 ἀδόλως,
856 870 985 922 ἀλλ’
1023 868 1085 923 ἐν
1122 869 1482 941 πεπλασμένῳ
1513 876 1588 941 τῷ
1628 872 1876 939 σχήματι,

96 964 217 1008 RIV
236 969 318 1008 161
366 957 457 1012 καὶ
505 958 662 1011 αὐτοὶ
710 957 756 1010 δ’
813 959 883 1011 ἂν
930 958 1172 1011 ἐλεοῖντο
1221 959 1461 1026 δικαίως,
1497 958 1503 1029 Ι
1538 960 1587 1011 εἰ
1633 965 1708 1030 τῷ
1755 979 1877 1027 γεν-

118 1071 160 1102 10
185 1049 321 1119 ναίω
373 1056 468 1116 τῆς
509 1048 730 1117 φύσεως
771 1047 1126 1116 αἰσχύνονται
1168 1046 1298 1099 δέον
1337 1046 1691 1115 ἀγάλλεσθαι.

295 1135 343 1188 5.
377 1134 518 1204 Ἐγὼ
560 1135 620 1189 δὲ
659 1136 850 1198 ἄδικος
887 1133 990 1204 μὲν
1029 1136 1131 1189 οὔκ
1170 1137 1297 1204 εἰμι,
1336 1138 1537 1206 πόθεν;
1575 1145 1691 1198 τοῖς
1722 1141 1878 1198 θεοῖς

187 1222 245 1277 δὲ
285 1224 507 1277 ἀδικίαν
547 1222 791 1292 ἐγκαλῶν
831 1224 933 1277 οὐκ
972 1223 1309 1292 ἐπαυσάμην,
1351 1226 1404 1276 οἳ
1434 1226 1682 1294 καθάπερ
1717 1224 1877 1294 ἀκρό-

184 1317 349 1366 πολιν
408 1314 675 1383 τύραννοι
735 1315 1121 1383 κατειληφότες
1183 1313 1350 1366 οὐδὲν
1413 1317 1535 1366 ἴσον
1587 1313 1713 1383 περὶ
1765 1322 1879 1366 τῶν

187 1401 561 1469 ἀνθρωπίνων
617 1409 890 1471 φρονοῦσι
944 1405 1075 1465 τοὺς
1128 1402 1230 1471 μὲν
1283 1410 1572 1465 ποιοῦντες
1626 1402 1878 1470 ἀθλίους,

120 1514 161 1547 15
186 1493 316 1553 τοὺς
364 1487 424 1543 δὲ
472 1490 816 1557 εὐδαίμονας.
871 1488 981 1544 ἔδει
1033 1491 1096 1544 δὲ
1148 1492 1221 1560 μὴ
1269 1493 1442 1560 μόνον
1490 1491 1691 1554 αὐτοὺς
1734 1487 1878 1544 εἶναι

307 1656 332 1694 3
366 1650 560 1708 Diogen.
586 1665 713 1708 prov.
737 1651 802 1694 ΠΙ
827 1655 898 1696 50.
930 1651 1145 1708 Euthycl.
1180 1650 1313 1695 Άταλ.
1338 1651 1381 1694 Π
1405 1655 1490 1694 890
1507 1651 1555 1693 Μ
1580 1651 1616 1707 (Ι
1641 1654 1741 1704 805,
1760 1656 1785 1694 2
1803 1651 1876 1707 K).

184 1709 379 1753 Philem.
409 1713 516 1754 Φυλ.
540 1710 582 1753 II
607 1715 707 1766 503,
725 1714 780 1753 86
799 1710 853 1753 K.
894 1710 1131 1767 Pogidipp.
1156 1709 1312 1766 Ἄρσιν.
1337 1710 1400 1753 111
1425 1715 1561 1765 337,6
1579 1710 1632 1755 K.
1668 1710 1723 1754 cf.
1751 1709 1877 1754 Salz-

185 1784 341 1824 mann,
375 1768 712 1826 Spriehwbrter
742 1769 819 1813 bei
849 1769 1070 1814 Libanios
1101 1785 1145 1825 p.
1174 1774 1228 1813 75
1767 1770 1770 1772 ’

304 1908 332 1946 4
364 1903 498 1961 βοῦς
528 1902 791 1952 ἐνυάλιος
824 1903 899 1947 ἐπὶ
930 1909 1021 1948 τῶν
1052 1902 1197 1959 μηδὲν
1229 1901 1612 1961 χρησιμευόντων,
1658 1904 1791 1961 βοῦς
1823 1902 1874 1947 δὲ

187 1959 431 2020 ἕβδομος
463 1961 540 2005 ἐπὶ
569 1969 660 2005 τῶν
692 1960 814 2018 ἄγαν
848 1961 1086 2017 αἰσθήτων
1119 1964 1250 2019 (corr.
1285 1961 1616 2018 ἀναισθήτων).
1661 1960 1876 2017 πέμματα

186 2018 378 2065 ἐποίουν
403 2023 493 2064 κτλ.
512 2023 585 2077 (--
604 2019 730 2064 Suid.
757 2035 790 2063 s.
813 2036 852 2065 v.
878 2023 990 2079 βοῦς
1015 2020 1209 2080 ἕβδομος
1226 2023 1269 2077 2)
1286 2022 1335 2064 in
1360 2035 1494 2077 marg
1516 2021 1627 2064 rubr
1644 2022 1689 2064 B
1744 2022 1877 2078 βοῦς

187 2079 430 2137 ἕβδομος
462 2080 538 2124 ἐπὶ
568 2087 660 2123 τῶν
694 2080 995 2135 ἀναισθήτων
1027 2083 1118 2124 κτλ.
1151 2107 1208 2112 -
1233 2079 1314 2123 διὰ
1344 2080 1396 2124 τὸ
1430 2077 1553 2124 εἶναι
1580 2115 1589 2124 .
1617 2116 1625 2124 .
1654 2115 1662 2123 .
1688 2081 1762 2124 διὸ
1794 2081 1874 2123 καὶ

187 2138 384 2194 ἐξεδόθη
411 2141 483 2195 (=
505 2139 631 2182 Suid.
666 2154 698 2182 s.
725 2154 765 2182 v.
799 2141 911 2197 βοῦς
942 2138 1135 2197 ἕβδομος
1161 2142 1203 2197 1)
1228 2141 1272 2183 Β
1700 2156 1703 2158 ·

309 2277 330 2314 1
365 2271 445 2314 καὶ
478 2286 551 2315 om
578 2273 662 2315 Mo
784 2277 809 2315 2
843 2270 1020 2316 ἑαυτῶν
1045 2273 1209 2328 scripsi
1235 2286 1290 2315 ex
1315 2273 1372 2316 Η
1378 2273 1502 2316 VMo
1535 2286 1637 2315 cum
1661 2270 1874 2314 Iacobsio

185 2330 287 2373 Ach
311 2329 348 2372 T
375 2334 459 2373 816
540 2331 692 2375 αὑτῶν
717 2332 762 2374 Ρ
820 2331 1050 2387 scriptura.
1081 2332 1130 2374 in
1158 2332 1217 2376 Cr
1246 2344 1411 2386 parum
1445 2332 1572 2373 certa
1648 2331 1800 2374 αὐτῶν
1825 2331 1871 2373 Β

189 2390 324 2433 MLa
335 2389 447 2434 Viol
457 2391 526 2434 Va
557 2389 647 2432 edd
769 2394 794 2432 3
829 2390 957 2440 ὄντες
980 2393 1088 2446 post
1111 2406 1233 2440 τινες
1257 2390 1345 2433 edd
1409 2389 1560 2434 delevi
1680 2393 1706 2431 4
1739 2387 1789 2432 δὲ
1816 2391 1878 2433 Μ

188 2448 279 2491 edd
400 2453 425 2491 5
458 2447 607 2503 ὥσπερ
641 2448 726 2505 ἐγώ
752 2462 827 2492 om
854 2450 920 2493 Va
1043 2455 1067 2493 6
1100 2447 1372 2507 βουλόμενοι
1397 2475 1451 2481 -
1479 2453 1502 2491 7
1536 2447 1595 2492 ἄν
1618 2447 1873 2504 praemisso

188 2507 236 2550 ἐν
269 2506 387 2550 ἄλλω
420 2508 469 2550 in
499 2522 633 2564 marg
664 2507 744 2551 Vi²
771 2510 776 2549 Ι
805 2507 864 2563 μὴ
897 2510 1006 2552 ante
1037 2507 1308 2564 νομίζεσθαι
1343 2509 1398 2551 Vi
1425 2510 1430 2563 Ι
1460 2504 1541 2562 μὲν
1566 2509 1642 2551 La
1666 2507 1747 2550 sed
1771 2519 1873 2549 eras

246 2573 380 2609 τοῦτο
415 2568 471 2611 Vi
503 2566 584 2610 sed
615 2566 699 2622 μὲν
725 2580 940 2622 suprascr
961 2566 1031 2610 1112
1058 2571 1063 2623 Ι
1092 2566 1203 2622 ὅπερ
1231 2593 1284 2598 -
1314 2572 1335 2610 7
1363 2565 1414 2610 δὲ
1440 2581 1514 2609 om
1541 2567 1597 2610 Vi
1623 2567 1629 2623 Ι
1658 2566 1772 2610 εἰσὶν
1796 2566 1873 2609 La

308 2630 330 2667 7
365 2624 424 2681 μὴ
450 2651 507 2657 -
533 2624 650 2669 εἰσίν
674 2639 750 2669 om
773 2627 847 2669 La
876 2629 881 2682 Ι
909 2624 1103 2681 μισοῖντ’
1143 2624 1202 2670 ἂν
1230 2626 1360 2669 MoB
1421 2632 1583 2680 μισεῖν,
1615 2625 1667 2668 τὸ
1701 2623 1782 2680 μὲν
1816 2625 1874 2668 Vi

306 2688 332 2727 8
364 2683 474 2740 ἡμῖν
498 2686 605 2739 post
629 2688 819 2736 συζῶσιν
847 2686 907 2727 M
1025 2689 1049 2728 9
1084 2683 1127 2729 δ’
1158 2699 1233 2728 om
1258 2685 1422 2729 PViC'l
1543 2688 1597 2727 10
1630 2683 1874 2740 αἰσχύνον-

183 2757 261 2785 ται
286 2743 362 2786 La
394 2743 475 2786 sed
508 2743 580 2799 ἰσχ
611 2743 661 2786 in
692 2757 767 2786 ras
800 2749 827 2786 4
859 2743 938 2787 litt
967 2758 990 2787 s
1133 2749 1185 2787 11
1221 2742 1264 2786 δ’
1296 2744 1401 2787 HV
1470 2742 1700 2798 scriptura
1730 2741 1779 2784 in
1814 2742 1874 2786 Cr

183 2800 311 2843 haud
342 2801 590 2857 perspicua
632 2805 638 2858 Ι
681 2802 764 2858 μὲν
796 2816 871 2845 om
902 2802 1003 2846 Mor
1125 2807 1178 2845 12
1213 2800 1258 2847 δ’
1290 2804 1422 2846 ΜοΒ
1546 2806 1597 2843 13
1632 2800 1740 2845 οὐδὲ
1772 2800 1873 2843 Mor

188 2859 193 2917 Ι
231 2855 331 2904 ἴσον
357 2861 455 2904 ΗΡ
573 2865 628 2904 14
661 2859 971 2914 ἀνθρωπείων
996 2862 1114 2905 PLa
1177 2862 1442 2916 ἀνθρώπων
1463 2862 1593 2905 MoB
1622 2863 1627 2916 Ι
1655 2866 1872 2903 ποιοῦσιν

185 2919 291 2962 HV
407 2924 460 2962 15
493 2916 539 2962 δ’
568 2921 801 2964 HVMoB
