<?xml version="1.0" encoding="UTF-8"?>
<!DOCTYPE html PUBLIC "-//W3C//DTD XHTML 1.0 Transitional//EN"
    "http://www.w3.org/TR/xhtml1/DTD/xhtml1-transitional.dtd">
<html xmlns="http://www.w3.org/1999/xhtml" xml:lang="en" lang="en">
 <head>
  <title>
</title>
<meta http-equiv="Content-Type" content="text/html;charset=utf-8" />
  <meta name='ocr-system' content='tesseract 3.04.00' />
  <meta name='ocr-capabilities' content='ocr_page ocr_carea ocr_par ocr_line ocrx_word'/>
</head>
<body>
  <div class='ocr_page' id='page_1' title='image "./operarecensuitri06libauoft_0313.png"; bbox 0 0 2010 3168; ppageno 0'>
   <div class='ocr_carea' id='block_1_1' title="bbox 362 121 1787 174">
    <p class='ocr_par' dir='ltr' id='par_1_1' title="bbox 362 121 1787 174">
     <span class='ocr_line' id='line_1_1' title="bbox 362 121 1787 174; baseline -0.004 -2"><span class='ocrx_word' id='word_1_1' title='bbox 362 125 793 172; x_wconf 76' lang='lat' dir='ltr'>DEMOSTHEMS</span> <span class='ocrx_word' id='word_1_2' title='bbox 826 124 895 168; x_wconf 87' lang='lat' dir='ltr'><em>SE</em></span> <span class='ocrx_word' id='word_1_3' title='bbox 926 123 1285 168; x_wconf 76' lang='lat' dir='ltr'><strong>INCUSAN&#39;I&#39;IS</strong></span> <span class='ocrx_word' id='word_1_4' title='bbox 1318 122 1540 167; x_wconf 84' lang='lat' dir='ltr'>ORATIO</span> <span class='ocrx_word' id='word_1_5' title='bbox 1679 121 1787 174; x_wconf 80' lang='lat'><em>305</em></span> 
     </span>
    </p>
   </div>
   <div class='ocr_carea' id='block_1_2' title="bbox 87 259 1849 1045">
    <p class='ocr_par' dir='ltr' id='par_1_2' title="bbox 87 259 1849 1045">
     <span class='ocr_line' id='line_1_2' title="bbox 97 259 1787 336; baseline -0.006 -17"><span class='ocrx_word' id='word_1_6' title='bbox 97 264 370 335; x_wconf 89' lang='grc' dir='ltr'><em>λυμένους</em></span> <span class='ocrx_word' id='word_1_7' title='bbox 408 264 545 332; x_wconf 86' lang='grc' dir='ltr'><em>ὁρᾶν</em></span> <span class='ocrx_word' id='word_1_8' title='bbox 583 261 772 331; x_wconf 82' lang='grc' dir='ltr'><em>ἡδέως,</em></span> <span class='ocrx_word' id='word_1_9' title='bbox 812 259 929 314; x_wconf 86' lang='grc' dir='ltr'><em>ἀλλ’</em></span> <span class='ocrx_word' id='word_1_10' title='bbox 978 260 1161 328; x_wconf 80' lang='grc' dir='ltr'><em>ἀλγεῖς</em></span> <span class='ocrx_word' id='word_1_11' title='bbox 1198 260 1288 312; x_wconf 80' lang='grc' dir='ltr'><em>καὶ</em></span> <span class='ocrx_word' id='word_1_12' title='bbox 1322 263 1485 328; x_wconf 83' lang='grc' dir='ltr'><em>λυπῆ,</em></span> <span class='ocrx_word' id='word_1_13' title='bbox 1524 259 1656 336; x_wconf 84' lang='grc' dir='ltr'><em>μετὰ</em></span> <span class='ocrx_word' id='word_1_14' title='bbox 1687 259 1787 326; x_wconf 89' lang='grc' dir='ltr'><em>τὴν</em></span> 
     </span>
     <span class='ocr_line' id='line_1_3' title="bbox 93 343 1779 423; baseline -0.005 -16"><span class='ocrx_word' id='word_1_15' title='bbox 93 356 317 423; x_wconf 85' lang='grc' dir='ltr'><em>πρώτην</em></span> <span class='ocrx_word' id='word_1_16' title='bbox 362 354 530 405; x_wconf 92' lang='grc' dir='ltr'><em>πόλιν</em></span> <span class='ocrx_word' id='word_1_17' title='bbox 576 350 821 404; x_wconf 85' lang='grc' dir='ltr'><em>ἁλοῦσαν</em></span> <span class='ocrx_word' id='word_1_18' title='bbox 876 350 1081 403; x_wconf 89' lang='grc' dir='ltr'><em>σαυτὸν</em></span> <span class='ocrx_word' id='word_1_19' title='bbox 1134 349 1554 419; x_wconf 74' lang='grc' dir='ltr'><em>προσάγγειλον.</em></span> <span class='ocrx_word' id='word_1_20' title='bbox 1605 349 1675 399; x_wconf 87' lang='grc' dir='ltr'><em>σὺ</em></span> <span class='ocrx_word' id='word_1_21' title='bbox 1731 343 1779 399; x_wconf 90' lang='grc' dir='ltr'><em>δ’</em></span> 
     </span>
     <span class='ocr_line' id='line_1_4' title="bbox 96 438 1785 512; baseline -0.005 -16"><span class='ocrx_word' id='word_1_22' title='bbox 96 441 382 512; x_wconf 85' lang='grc' dir='ltr'><em>ἀναμένεις</em></span> <span class='ocrx_word' id='word_1_23' title='bbox 457 438 774 510; x_wconf 79' lang='grc' dir='ltr'><em>ἐφησθῆναι</em></span> <span class='ocrx_word' id='word_1_24' title='bbox 848 447 983 492; x_wconf 83' lang='grc' dir='ltr'><em>πᾶσι</em></span> <span class='ocrx_word' id='word_1_25' title='bbox 1050 447 1166 501; x_wconf 87' lang='grc' dir='ltr'><em>τοῖς</em></span> <span class='ocrx_word' id='word_1_26' title='bbox 1231 439 1516 506; x_wconf 80' lang='grc' dir='ltr'><em>δημοσίοις</em></span> <span class='ocrx_word' id='word_1_27' title='bbox 1583 446 1785 498; x_wconf 80' lang='grc' dir='ltr'><em>κακοῖς.</em></span> 
     </span>
     <span class='ocr_line' id='line_1_5' title="bbox 94 523 1786 601; baseline -0.004 -17"><span class='ocrx_word' id='word_1_28' title='bbox 94 531 258 601; x_wconf 80' lang='grc' dir='ltr'><strong><em>ἐχρῆν</em></strong></span> <span class='ocrx_word' id='word_1_29' title='bbox 295 531 402 601; x_wconf 92' lang='grc' dir='ltr'><em>πρὸ</em></span> <span class='ocrx_word' id='word_1_30' title='bbox 442 527 680 582; x_wconf 82' lang='grc' dir='ltr'><em>Φωκέων</em></span> <span class='ocrx_word' id='word_1_31' title='bbox 720 526 1175 596; x_wconf 82' lang='grc' dir='ltr'><em>τετελευτηκέναι,</em></span> <span class='ocrx_word' id='word_1_32' title='bbox 1215 527 1322 596; x_wconf 89' lang='grc' dir='ltr'><em>πρὸ</em></span> <span class='ocrx_word' id='word_1_33' title='bbox 1361 533 1456 594; x_wconf 90' lang='grc' dir='ltr'><em>τῆς</em></span> <span class='ocrx_word' id='word_1_34' title='bbox 1475 523 1786 579; x_wconf 85' lang='grc' dir='ltr'><em>Ὀλυνθίων</em></span> 
     </span>
     <span class='ocr_line' id='line_1_6' title="bbox 91 613 1849 689; baseline -0.003 -17"><span class='ocrx_word' id='word_1_35' title='bbox 91 626 405 689; x_wconf 83' lang='grc' dir='ltr'><em>συμφορᾶς,</em></span> <span class='ocrx_word' id='word_1_36' title='bbox 442 619 549 688; x_wconf 92' lang='grc' dir='ltr'><em>πρὸ</em></span> <span class='ocrx_word' id='word_1_37' title='bbox 588 626 684 686; x_wconf 88' lang='grc' dir='ltr'><em>τῆς</em></span> <span class='ocrx_word' id='word_1_38' title='bbox 723 617 967 686; x_wconf 84' lang='grc' dir='ltr'><em>Εὐβοίας</em></span> <span class='ocrx_word' id='word_1_39' title='bbox 1019 615 1447 684; x_wconf 89' lang='grc' dir='ltr'><em>δεδουλωμένης.</em></span> <span class='ocrx_word' id='word_1_40' title='bbox 1489 613 1784 684; x_wconf 86' lang='grc' dir='ltr'><em>ἐκέρδανας</em></span> <span class='ocrx_word' id='word_1_41' title='bbox 1830 633 1849 664; x_wconf 83' lang='grc'>5</span> 
     </span>
     <span class='ocr_line' id='line_1_7' title="bbox 90 702 1783 777; baseline -0.003 -16"><span class='ocrx_word' id='word_1_42' title='bbox 90 707 161 761; x_wconf 73' lang='grc' dir='ltr'><em>ἂν</em></span> <span class='ocrx_word' id='word_1_43' title='bbox 198 710 259 761; x_wconf 91' lang='grc' dir='ltr'><em>τὸ</em></span> <span class='ocrx_word' id='word_1_44' title='bbox 300 707 561 776; x_wconf 89' lang='grc' dir='ltr'><em>μέγιστον</em></span> <span class='ocrx_word' id='word_1_45' title='bbox 599 706 819 777; x_wconf 88' lang='grc' dir='ltr'><em>κέρδος,</em></span> <span class='ocrx_word' id='word_1_46' title='bbox 870 705 1096 774; x_wconf 81' lang='grc' dir='ltr'><em>ἐξῆλθες</em></span> <span class='ocrx_word' id='word_1_47' title='bbox 1135 704 1204 758; x_wconf 77' lang='grc' dir='ltr'><em>ἂν</em></span> <span class='ocrx_word' id='word_1_48' title='bbox 1245 704 1303 758; x_wconf 83' lang='grc' dir='ltr'><em>ἐκ</em></span> <span class='ocrx_word' id='word_1_49' title='bbox 1341 712 1441 757; x_wconf 86' lang='grc' dir='ltr'><em>τοῦ</em></span> <span class='ocrx_word' id='word_1_50' title='bbox 1482 707 1578 773; x_wconf 81' lang='grc' dir='ltr'><em>ζῆν</em></span> <span class='ocrx_word' id='word_1_51' title='bbox 1617 702 1783 757; x_wconf 88' lang='grc' dir='ltr'><em>ἀθέα-</em></span> 
     </span>
     <span class='ocr_line' id='line_1_8' title="bbox 87 790 1784 867; baseline -0.002 -17"><span class='ocrx_word' id='word_1_52' title='bbox 87 816 181 860; x_wconf 90' lang='grc' dir='ltr'><em>τος</em></span> <span class='ocrx_word' id='word_1_53' title='bbox 220 801 471 867; x_wconf 83' lang='grc' dir='ltr'><em>χαλεπῶν</em></span> <span class='ocrx_word' id='word_1_54' title='bbox 502 796 783 850; x_wconf 85' lang='grc' dir='ltr'><em>τοσούτων</em></span> <span class='ocrx_word' id='word_1_55' title='bbox 814 795 1187 864; x_wconf 78' lang='grc' dir='ltr'><em>ἀτυχημάτων.</em></span> <span class='ocrx_word' id='word_1_56' title='bbox 1228 796 1298 847; x_wconf 87' lang='grc' dir='ltr'><em>σὺ</em></span> <span class='ocrx_word' id='word_1_57' title='bbox 1339 790 1400 847; x_wconf 76' lang='grc' dir='ltr'><em>δὲ</em></span> <span class='ocrx_word' id='word_1_58' title='bbox 1432 795 1525 847; x_wconf 83' lang='grc' dir='ltr'><em>διὰ</em></span> <span class='ocrx_word' id='word_1_59' title='bbox 1559 793 1784 846; x_wconf 90' lang='grc' dir='ltr'><em>πάντων</em></span> 
     </span>
     <span class='ocr_line' id='line_1_9' title="bbox 87 879 1783 955; baseline -0.003 -16"><span class='ocrx_word' id='word_1_60' title='bbox 87 887 306 955; x_wconf 75' lang='grc' dir='ltr'><em>ἔμεινας</em></span> <span class='ocrx_word' id='word_1_61' title='bbox 353 891 696 955; x_wconf 83' lang='grc' dir='ltr'><em>φιλοψυχῶν.</em></span> <span class='ocrx_word' id='word_1_62' title='bbox 752 885 1031 954; x_wconf 83' lang='grc' dir='ltr'><em>ἄνανδρος</em></span> <span class='ocrx_word' id='word_1_63' title='bbox 1085 885 1159 946; x_wconf 84' lang='grc' dir='ltr'><em>ὡς</em></span> <span class='ocrx_word' id='word_1_64' title='bbox 1213 883 1437 952; x_wconf 84' lang='grc' dir='ltr'><em>ἀληθῶς</em></span> <span class='ocrx_word' id='word_1_65' title='bbox 1489 879 1639 951; x_wconf 76' lang='grc' dir='ltr'><em>ἦσθα</em></span> <span class='ocrx_word' id='word_1_66' title='bbox 1691 882 1783 935; x_wconf 80' lang='grc' dir='ltr'><em>καὶ</em></span> 
     </span>
     <span class='ocr_line' id='line_1_10' title="bbox 89 970 1783 1045; baseline -0.002 -17"><span class='ocrx_word' id='word_1_67' title='bbox 89 975 281 1038; x_wconf 88' lang='grc' dir='ltr'><em>δειλός.</em></span> <span class='ocrx_word' id='word_1_68' title='bbox 322 974 568 1045; x_wconf 79' lang='grc' dir='ltr'><em>βραδέως</em></span> <span class='ocrx_word' id='word_1_69' title='bbox 608 973 996 1042; x_wconf 81' lang='grc' dir='ltr'><em>ἀποθνήσκεις.</em></span> <span class='ocrx_word' id='word_1_70' title='bbox 1047 972 1130 1026; x_wconf 88' lang='grc'><em>18.</em></span> <span class='ocrx_word' id='word_1_71' title='bbox 1170 973 1273 1026; x_wconf 84' lang='grc' dir='ltr'><em>οὐκ</em></span> <span class='ocrx_word' id='word_1_72' title='bbox 1318 970 1517 1042; x_wconf 84' lang='grc' dir='ltr'><em>ῆρκεσέ</em></span> <span class='ocrx_word' id='word_1_73' title='bbox 1552 985 1641 1025; x_wconf 92' lang='grc' dir='ltr'><em>σοι</em></span> <span class='ocrx_word' id='word_1_74' title='bbox 1680 972 1783 1040; x_wconf 87' lang='grc' dir='ltr'><em>τὴν</em></span> 
     </span>
    </p>
   </div>
   <div class='ocr_carea' id='block_1_3' title="bbox 0 1059 1848 1311">
    <p class='ocr_par' dir='ltr' id='par_1_3' title="bbox 0 1059 1848 1311">
     <span class='ocr_line' id='line_1_11' title="bbox 85 1059 1848 1132; baseline -0.003 -15.23"><span class='ocrx_word' id='word_1_75' title='bbox 85 1065 326 1117; x_wconf 82' lang='grc' dir='ltr'><em>παλαιὰν</em></span> <span class='ocrx_word' id='word_1_76' title='bbox 367 1064 584 1132; x_wconf 83' lang='grc' dir='ltr'><em>ἐκείνην</em></span> <span class='ocrx_word' id='word_1_77' title='bbox 622 1064 908 1116; x_wconf 82' lang='grc' dir='ltr'><em>πολιτείαν</em></span> <span class='ocrx_word' id='word_1_78' title='bbox 936 1060 1424 1131; x_wconf 89' lang='grc' dir='ltr'><em>&lt;καταλυομένην&gt;</em></span> <span class='ocrx_word' id='word_1_79' title='bbox 1457 1061 1614 1130; x_wconf 84' lang='grc' dir='ltr'><em>ἰδεῖν,</em></span> <span class='ocrx_word' id='word_1_80' title='bbox 1655 1059 1772 1114; x_wconf 90' lang='grc' dir='ltr'><em>ἀλλ’</em></span> <span class='ocrx_word' id='word_1_81' title='bbox 1806 1077 1848 1109; x_wconf 85' lang='lat'><em>10</em></span> 
     </span>
     <span class='ocr_line' id='line_1_12' title="bbox 0 1150 1781 1222; baseline -0.001 -18"><span class='ocrx_word' id='word_1_82' title='bbox 0 1154 7 1219; x_wconf 10' lang='grc' dir='ltr'><em>’Ἰ</em></span> <span class='ocrx_word' id='word_1_83' title='bbox 87 1154 165 1215; x_wconf 84' lang='grc' dir='ltr'><em>εἰς</em></span> <span class='ocrx_word' id='word_1_84' title='bbox 225 1161 388 1206; x_wconf 85' lang='grc' dir='ltr'><em>τοῦτο</em></span> <span class='ocrx_word' id='word_1_85' title='bbox 424 1151 811 1222; x_wconf 87' lang='grc' dir='ltr'><em>περιέστησας</em></span> <span class='ocrx_word' id='word_1_86' title='bbox 873 1151 1180 1219; x_wconf 81' lang='grc' dir='ltr'><em>Ἀθηναίων</em></span> <span class='ocrx_word' id='word_1_87' title='bbox 1242 1152 1343 1220; x_wconf 85' lang='grc' dir='ltr'><em>τὴν</em></span> <span class='ocrx_word' id='word_1_88' title='bbox 1407 1152 1582 1220; x_wconf 86' lang='grc' dir='ltr'><em>τύχην</em></span> <span class='ocrx_word' id='word_1_89' title='bbox 1642 1150 1781 1203; x_wconf 82' lang='grc' dir='ltr'><em>ὥστε</em></span> 
     </span>
     <span class='ocr_line' id='line_1_13' title="bbox 0 1239 1780 1311; baseline -0.002 -16"><span class='ocrx_word' id='word_1_90' title='bbox 0 1253 3 1269; x_wconf 82' lang='grc'><strong>’</strong></span> <span class='ocrx_word' id='word_1_91' title='bbox 85 1247 461 1311; x_wconf 80' lang='grc' dir='ltr'><em>προστεθῆναι</em></span> <span class='ocrx_word' id='word_1_92' title='bbox 491 1243 582 1294; x_wconf 83' lang='grc' dir='ltr'><em>καὶ</em></span> <span class='ocrx_word' id='word_1_93' title='bbox 615 1243 890 1295; x_wconf 80' lang='grc' dir='ltr'><em>Βοιωτίαν</em></span> <span class='ocrx_word' id='word_1_94' title='bbox 920 1250 1036 1303; x_wconf 84' lang='grc' dir='ltr'><em>τοῖς</em></span> <span class='ocrx_word' id='word_1_95' title='bbox 1065 1239 1356 1310; x_wconf 86' lang='grc' dir='ltr'><em>προτέροις</em></span> <span class='ocrx_word' id='word_1_96' title='bbox 1387 1241 1780 1309; x_wconf 85' lang='grc' dir='ltr'><em>δυστυχήμασι.</em></span> 
     </span>
    </p>
   </div>
   <div class='ocr_carea' id='block_1_4' title="bbox 10 1328 1843 1935">
    <p class='ocr_par' dir='ltr' id='par_1_4' title="bbox 10 1328 1843 1935">
     <span class='ocr_line' id='line_1_14' title="bbox 10 1328 1781 1400; baseline -0.001 -16"><span class='ocrx_word' id='word_1_97' title='bbox 10 1368 13 1373; x_wconf 57' lang='lat'>&lt;</span> <span class='ocrx_word' id='word_1_98' title='bbox 83 1335 349 1400; x_wconf 80' lang='grc' dir='ltr'><em>τειχίζει</em></span> <span class='ocrx_word' id='word_1_99' title='bbox 382 1333 498 1400; x_wconf 85' lang='grc' dir='ltr'><em>τὴν</em></span> <span class='ocrx_word' id='word_1_100' title='bbox 521 1329 856 1384; x_wconf 80' lang='grc' dir='ltr'><em>Ἐλάτειαν</em></span> <span class='ocrx_word' id='word_1_101' title='bbox 888 1332 1225 1393; x_wconf 89' lang='grc' dir='ltr'><em>Φίλιππος.</em></span> <span class='ocrx_word' id='word_1_102' title='bbox 1257 1328 1460 1397; x_wconf 89' lang='grc' dir='ltr'><em>ἀμέλει,</em></span> <span class='ocrx_word' id='word_1_103' title='bbox 1490 1329 1549 1382; x_wconf 86' lang='grc' dir='ltr'><em>τὸ</em></span> <span class='ocrx_word' id='word_1_104' title='bbox 1575 1330 1781 1399; x_wconf 87' lang='grc' dir='ltr'><em>χωρίον</em></span> 
     </span>
     <span class='ocr_line' id='line_1_15' title="bbox 83 1417 1779 1490; baseline -0.002 -17"><span class='ocrx_word' id='word_1_105' title='bbox 83 1418 197 1473; x_wconf 81' lang='grc' dir='ltr'><em>ἐστὶ</em></span> <span class='ocrx_word' id='word_1_106' title='bbox 228 1423 494 1474; x_wconf 89' lang='grc' dir='ltr'><em>Φωκικόν.</em></span> <span class='ocrx_word' id='word_1_107' title='bbox 525 1418 628 1473; x_wconf 80' lang='grc' dir='ltr'><em>ἐπὶ</em></span> <span class='ocrx_word' id='word_1_108' title='bbox 666 1421 880 1490; x_wconf 80' lang='grc' dir='ltr'><em>Θήβας</em></span> <span class='ocrx_word' id='word_1_109' title='bbox 911 1420 1034 1490; x_wconf 90' lang='grc' dir='ltr'><em>πάρ</em></span> <span class='ocrx_word' id='word_1_110' title='bbox 1047 1433 1198 1472; x_wconf 87' lang='grc' dir='ltr'><em>εστι.</em></span> <span class='ocrx_word' id='word_1_111' title='bbox 1230 1419 1580 1487; x_wconf 83' lang='grc' dir='ltr'><em>βοιωτιάζεις.</em></span> <span class='ocrx_word' id='word_1_112' title='bbox 1612 1417 1779 1471; x_wconf 87' lang='grc' dir='ltr'><em>ἀπολ-</em></span> 
     </span>
     <span class='ocr_line' id='line_1_16' title="bbox 83 1504 1843 1578; baseline -0.001 -16"><span class='ocrx_word' id='word_1_113' title='bbox 83 1510 385 1562; x_wconf 88' lang='grc' dir='ltr'><em>λύσθωσαν</em></span> <span class='ocrx_word' id='word_1_114' title='bbox 429 1511 663 1577; x_wconf 82' lang='grc' dir='ltr'><em>Θηβαῖοι</em></span> <span class='ocrx_word' id='word_1_115' title='bbox 703 1509 837 1578; x_wconf 84' lang='grc' dir='ltr'><em>μετὰ</em></span> <span class='ocrx_word' id='word_1_116' title='bbox 882 1507 1136 1577; x_wconf 88' lang='grc' dir='ltr'><em>Φωκέων,</em></span> <span class='ocrx_word' id='word_1_117' title='bbox 1178 1506 1457 1576; x_wconf 73' lang='grc' dir='ltr'><em>Ἀθηναῖοι</em></span> <span class='ocrx_word' id='word_1_118' title='bbox 1508 1504 1570 1560; x_wconf 77' lang='grc' dir='ltr'><em>δὲ</em></span> <span class='ocrx_word' id='word_1_119' title='bbox 1608 1504 1778 1561; x_wconf 81' lang='grc' dir='ltr'><em>ἔνδον</em></span> <span class='ocrx_word' id='word_1_120' title='bbox 1801 1520 1843 1554; x_wconf 80' lang='lat'><em>1⁶</em></span> 
     </span>
     <span class='ocr_line' id='line_1_17' title="bbox 83 1596 1778 1667; baseline 0 -17"><span class='ocrx_word' id='word_1_121' title='bbox 83 1597 435 1652; x_wconf 87' lang='grc' dir='ltr'><em>ἀκουέτωσαν</em></span> <span class='ocrx_word' id='word_1_122' title='bbox 464 1599 531 1651; x_wconf 77' lang='grc' dir='ltr'><em>τὰ</em></span> <span class='ocrx_word' id='word_1_123' title='bbox 563 1599 720 1651; x_wconf 81' lang='grc' dir='ltr'><em>δεινὰ</em></span> <span class='ocrx_word' id='word_1_124' title='bbox 751 1600 962 1667; x_wconf 83' lang='grc' dir='ltr'><em>μᾶλλον</em></span> <span class='ocrx_word' id='word_1_125' title='bbox 993 1596 1026 1666; x_wconf 80' lang='grc' dir='ltr'><em>ἣ</em></span> <span class='ocrx_word' id='word_1_126' title='bbox 1059 1598 1487 1650; x_wconf 88' lang='grc' dir='ltr'><em>θεασάσθωσαν.</em></span> <span class='ocrx_word' id='word_1_127' title='bbox 1530 1598 1613 1650; x_wconf 84' lang='grc'><em>19.</em></span> <span class='ocrx_word' id='word_1_128' title='bbox 1639 1596 1778 1650; x_wconf 80' lang='grc' dir='ltr'><em>ἀλλὰ</em></span> 
     </span>
     <span class='ocr_line' id='line_1_18' title="bbox 81 1683 1777 1758; baseline -0.001 -18"><span class='ocrx_word' id='word_1_129' title='bbox 81 1690 230 1758; x_wconf 79' lang='grc' dir='ltr'><em>φοβῇ</em></span> <span class='ocrx_word' id='word_1_130' title='bbox 269 1685 360 1740; x_wconf 85' lang='grc' dir='ltr'><em>καὶ</em></span> <span class='ocrx_word' id='word_1_131' title='bbox 401 1686 656 1749; x_wconf 87' lang='grc' dir='ltr'><em>δέδοικας</em></span> <span class='ocrx_word' id='word_1_132' title='bbox 693 1688 765 1756; x_wconf 85' lang='grc' dir='ltr'><em>μὴ</em></span> <span class='ocrx_word' id='word_1_133' title='bbox 805 1685 963 1757; x_wconf 89' lang='grc' dir='ltr'><em>μέχρι</em></span> <span class='ocrx_word' id='word_1_134' title='bbox 1001 1694 1097 1755; x_wconf 87' lang='grc' dir='ltr'><em>τῆς</em></span> <span class='ocrx_word' id='word_1_135' title='bbox 1123 1683 1362 1754; x_wconf 84' lang='grc' dir='ltr'><em>Ἀττικῆς</em></span> <span class='ocrx_word' id='word_1_136' title='bbox 1402 1688 1539 1756; x_wconf 73' lang='grc' dir='ltr'><em>ἔλθῃ</em></span> <span class='ocrx_word' id='word_1_137' title='bbox 1583 1688 1777 1739; x_wconf 88' lang='grc' dir='ltr'><em>Φίλιπ-</em></span> 
     </span>
     <span class='ocr_line' id='line_1_19' title="bbox 79 1774 1778 1846; baseline -0.001 -17"><span class='ocrx_word' id='word_1_138' title='bbox 79 1793 195 1839; x_wconf 87' lang='grc' dir='ltr'><em>πος.</em></span> <span class='ocrx_word' id='word_1_139' title='bbox 242 1779 301 1829; x_wconf 89' lang='grc' dir='ltr'><em>τί</em></span> <span class='ocrx_word' id='word_1_140' title='bbox 340 1778 688 1846; x_wconf 88' lang='grc' dir='ltr'><em>θαυμαστόν;</em></span> <span class='ocrx_word' id='word_1_141' title='bbox 743 1774 834 1829; x_wconf 84' lang='grc' dir='ltr'><em>καὶ</em></span> <span class='ocrx_word' id='word_1_142' title='bbox 880 1777 985 1845; x_wconf 81' lang='grc' dir='ltr'><em>γὰρ</em></span> <span class='ocrx_word' id='word_1_143' title='bbox 1031 1776 1507 1844; x_wconf 86' lang='grc' dir='ltr'><em>Λακεδαιμονίους</em></span> <span class='ocrx_word' id='word_1_144' title='bbox 1551 1779 1778 1845; x_wconf 77' lang='grc' dir='ltr'><em>πολιορ·</em></span> 
     </span>
     <span class='ocr_line' id='line_1_20' title="bbox 79 1861 1776 1935; baseline 0.001 -18"><span class='ocrx_word' id='word_1_145' title='bbox 79 1872 316 1928; x_wconf 87' lang='grc' dir='ltr'><em>κοῦντας</em></span> <span class='ocrx_word' id='word_1_146' title='bbox 354 1865 661 1934; x_wconf 83' lang='grc' dir='ltr'><em>ἠνέγκαμεν</em></span> <span class='ocrx_word' id='word_1_147' title='bbox 699 1865 760 1918; x_wconf 91' lang='grc' dir='ltr'><em>τὸ</em></span> <span class='ocrx_word' id='word_1_148' title='bbox 799 1867 1086 1935; x_wconf 81' lang='grc' dir='ltr'><em>πρότερον.</em></span> <span class='ocrx_word' id='word_1_149' title='bbox 1127 1864 1229 1918; x_wconf 84' lang='grc' dir='ltr'><em>οὐκ</em></span> <span class='ocrx_word' id='word_1_150' title='bbox 1269 1861 1420 1917; x_wconf 80' lang='grc' dir='ltr'><em>ἔστιν</em></span> <span class='ocrx_word' id='word_1_151' title='bbox 1446 1861 1776 1934; x_wconf 85' lang='grc' dir='ltr'><em>Ἀρχιδάμου</em></span> 
     </span>
    </p>
   </div>
   <div class='ocr_carea' id='block_1_5' title="bbox 78 2025 1770 2202">
    <p class='ocr_par' dir='ltr' id='par_1_5' title="bbox 78 2025 1770 2202">
     <span class='ocr_line' id='line_1_21' title="bbox 200 2025 1770 2084; baseline 0.001 -16"><span class='ocrx_word' id='word_1_152' title='bbox 200 2030 225 2068; x_wconf 84' lang='grc'>5</span> <span class='ocrx_word' id='word_1_153' title='bbox 259 2025 316 2069; x_wconf 83' lang='lat' dir='ltr'><em>cf.</em></span> <span class='ocrx_word' id='word_1_154' title='bbox 350 2041 395 2082; x_wconf 89' lang='lat' dir='ltr'><em>p.</em></span> <span class='ocrx_word' id='word_1_155' title='bbox 422 2030 595 2080; x_wconf 83' lang='lat'>329,12</span> <span class='ocrx_word' id='word_1_156' title='bbox 718 2030 745 2070; x_wconf 89' lang='lat'>8</span> <span class='ocrx_word' id='word_1_157' title='bbox 777 2025 947 2084; x_wconf 84' lang='lat' dir='ltr'><strong>[Dem.]</strong></span> <span class='ocrx_word' id='word_1_158' title='bbox 982 2025 1094 2082; x_wconf 70' lang='lat' dir='ltr'><strong>epit.</strong></span> <span class='ocrx_word' id='word_1_159' title='bbox 1118 2040 1163 2082; x_wconf 88' lang='lat' dir='ltr'><em>p.</em></span> <span class='ocrx_word' id='word_1_160' title='bbox 1184 2030 1313 2081; x_wconf 85' lang='lat'>1397,</span> <span class='ocrx_word' id='word_1_161' title='bbox 1332 2030 1386 2069; x_wconf 81' lang='lat'><em>27</em></span> <span class='ocrx_word' id='word_1_162' title='bbox 1430 2028 1437 2082; x_wconf 83' lang='grc' dir='ltr'>Ι</span> <span class='ocrx_word' id='word_1_163' title='bbox 1478 2025 1598 2070; x_wconf 76' lang='lat' dir='ltr'>Plat.</span> <span class='ocrx_word' id='word_1_164' title='bbox 1634 2025 1770 2084; x_wconf 83' lang='lat' dir='ltr'>Gorg.</span> 
     </span>
     <span class='ocr_line' id='line_1_22' title="bbox 78 2084 1630 2142; baseline 0.001 -15"><span class='ocrx_word' id='word_1_165' title='bbox 78 2099 123 2140; x_wconf 87' lang='lat' dir='ltr'><em>p.</em></span> <span class='ocrx_word' id='word_1_166' title='bbox 151 2089 235 2128; x_wconf 83' lang='lat'><em>522</em></span> <span class='ocrx_word' id='word_1_167' title='bbox 254 2084 290 2127; x_wconf 89' lang='lat' dir='ltr'><strong>E</strong></span> <span class='ocrx_word' id='word_1_168' title='bbox 436 2090 490 2129; x_wconf 88' lang='grc'><em>13</em></span> <span class='ocrx_word' id='word_1_169' title='bbox 531 2085 589 2129; x_wconf 88' lang='lat' dir='ltr'><em>cf.</em></span> <span class='ocrx_word' id='word_1_170' title='bbox 623 2085 684 2129; x_wconf 80' lang='lat' dir='ltr'><em>ad.</em></span> <span class='ocrx_word' id='word_1_171' title='bbox 704 2100 766 2141; x_wconf 76' lang='lat' dir='ltr'><strong>p.</strong></span> <span class='ocrx_word' id='word_1_172' title='bbox 795 2089 904 2140; x_wconf 89' lang='grc'>281,</span> <span class='ocrx_word' id='word_1_173' title='bbox 922 2091 962 2130; x_wconf 86' lang='lat'><em>3.</em></span> <span class='ocrx_word' id='word_1_174' title='bbox 1010 2085 1140 2129; x_wconf 83' lang='lat' dir='ltr'><strong>Dem.</strong></span> <span class='ocrx_word' id='word_1_175' title='bbox 1180 2084 1300 2129; x_wconf 91' lang='lat' dir='ltr'><strong>Phil.</strong></span> <span class='ocrx_word' id='word_1_176' title='bbox 1325 2085 1369 2128; x_wconf 88' lang='grc' dir='ltr'>Π</span> <span class='ocrx_word' id='word_1_177' title='bbox 1404 2099 1450 2142; x_wconf 89' lang='lat' dir='ltr'><em>p.</em></span> <span class='ocrx_word' id='word_1_178' title='bbox 1478 2090 1557 2141; x_wconf 88' lang='grc'><em>69,</em></span> <span class='ocrx_word' id='word_1_179' title='bbox 1576 2090 1630 2129; x_wconf 88' lang='grc'><em>18</em></span> 
     </span>
     <span class='ocr_line' id='line_1_23' title="bbox 82 2143 1628 2202; baseline 0.001 -15"><span class='ocrx_word' id='word_1_180' title='bbox 82 2148 136 2187; x_wconf 88' lang='grc'><em>14</em></span> <span class='ocrx_word' id='word_1_181' title='bbox 176 2143 391 2187; x_wconf 85' lang='lat' dir='ltr'><strong>Aeschin.</strong></span> <span class='ocrx_word' id='word_1_182' title='bbox 425 2144 530 2189; x_wconf 84' lang='lat' dir='ltr'><strong>fals.</strong></span> <span class='ocrx_word' id='word_1_183' title='bbox 562 2144 652 2202; x_wconf 85' lang='lat' dir='ltr'>leg.</span> <span class='ocrx_word' id='word_1_184' title='bbox 686 2148 710 2198; x_wconf 65' lang='grc' dir='ltr'>ξ</span> <span class='ocrx_word' id='word_1_185' title='bbox 739 2148 822 2188; x_wconf 85' lang='grc'><em>106</em></span> <span class='ocrx_word' id='word_1_186' title='bbox 854 2159 899 2201; x_wconf 87' lang='lat' dir='ltr'><em>p.</em></span> <span class='ocrx_word' id='word_1_187' title='bbox 925 2148 996 2199; x_wconf 88' lang='lat'><em>42,</em></span> <span class='ocrx_word' id='word_1_188' title='bbox 1015 2149 1040 2188; x_wconf 90' lang='lat'>5</span> <span class='ocrx_word' id='word_1_189' title='bbox 1165 2149 1218 2189; x_wconf 88' lang='lat'><em>19</em></span> <span class='ocrx_word' id='word_1_190' title='bbox 1252 2145 1396 2189; x_wconf 89' lang='lat' dir='ltr'><strong>Thuc.</strong></span> <span class='ocrx_word' id='word_1_191' title='bbox 1419 2144 1463 2187; x_wconf 89' lang='lat'><em>11</em></span> <span class='ocrx_word' id='word_1_192' title='bbox 1488 2149 1544 2188; x_wconf 88' lang='lat'><em>14</em></span> <span class='ocrx_word' id='word_1_193' title='bbox 1561 2159 1628 2201; x_wconf 88' lang='lat' dir='ltr'><em>sq.</em></span> 
     </span>
    </p>
   </div>
   <div class='ocr_carea' id='block_1_6' title="bbox 238 1970 435 1977">
    <p class='ocr_par' dir='ltr' id='par_1_6' title="bbox 238 1970 435 1977">
     <span class='ocr_line' id='line_1_24' title="bbox 238 1970 435 1977; baseline 0 0"><span class='ocrx_word' id='word_1_194' title='bbox 238 1970 435 1977; x_wconf 95' lang='lat' dir='ltr'><em> </em></span> 
     </span>
    </p>
   </div>
   <div class='ocr_carea' id='block_1_7' title="bbox 78 2235 432 2245">
    <p class='ocr_par' dir='ltr' id='par_1_7' title="bbox 78 2235 432 2245">
     <span class='ocr_line' id='line_1_25' title="bbox 78 2235 432 2245; baseline 0 0"><span class='ocrx_word' id='word_1_195' title='bbox 78 2235 432 2245; x_wconf 95' lang='lat' dir='ltr'><em> </em></span> 
     </span>
    </p>
   </div>
   <div class='ocr_carea' id='block_1_8' title="bbox 74 2291 1769 2998">
    <p class='ocr_par' dir='ltr' id='par_1_8' title="bbox 74 2291 1769 2820">
     <span class='ocr_line' id='line_1_26' title="bbox 200 2291 1769 2353; baseline 0.002 -18"><span class='ocrx_word' id='word_1_196' title='bbox 200 2297 221 2335; x_wconf 96' lang='lat'>1</span> <span class='ocrx_word' id='word_1_197' title='bbox 268 2291 384 2347; x_wconf 83' lang='grc' dir='ltr'><em>ὁρᾶν</em></span> <span class='ocrx_word' id='word_1_198' title='bbox 424 2292 588 2348; x_wconf 82' lang='lat' dir='ltr'><strong>scripsi</strong></span> <span class='ocrx_word' id='word_1_199' title='bbox 628 2306 652 2336; x_wconf 82' lang='lat' dir='ltr'>e</span> <span class='ocrx_word' id='word_1_200' title='bbox 685 2293 748 2336; x_wconf 82' lang='lat' dir='ltr'><strong>Li</strong></span> <span class='ocrx_word' id='word_1_201' title='bbox 823 2292 937 2348; x_wconf 83' lang='grc' dir='ltr'><em>ὁρᾶς</em></span> <span class='ocrx_word' id='word_1_202' title='bbox 960 2293 1294 2338; x_wconf 75' lang='lat' dir='ltr'><em>HVMatMon</em></span> <span class='ocrx_word' id='word_1_203' title='bbox 1330 2293 1399 2337; x_wconf 79' lang='lat' dir='ltr'><em>Re</em></span> <span class='ocrx_word' id='word_1_204' title='bbox 1448 2293 1455 2352; x_wconf 86' lang='grc' dir='ltr'>Ι</span> <span class='ocrx_word' id='word_1_205' title='bbox 1504 2295 1612 2349; x_wconf 75' lang='lat' dir='ltr'><strong>post</strong></span> <span class='ocrx_word' id='word_1_206' title='bbox 1650 2296 1769 2353; x_wconf 81' lang='grc' dir='ltr'><em>λυπῇ</em></span> 
     </span>
     <span class='ocr_line' id='line_1_27' title="bbox 77 2348 1769 2409; baseline 0.002 -15"><span class='ocrx_word' id='word_1_207' title='bbox 77 2365 259 2395; x_wconf 79' lang='lat' dir='ltr'><strong>comma</strong></span> <span class='ocrx_word' id='word_1_208' title='bbox 274 2352 408 2408; x_wconf 86' lang='lat' dir='ltr'><strong>posui</strong></span> <span class='ocrx_word' id='word_1_209' title='bbox 469 2353 696 2408; x_wconf 76' lang='lat' dir='ltr'><strong>punctum</strong></span> <span class='ocrx_word' id='word_1_210' title='bbox 710 2351 821 2395; x_wconf 83' lang='lat' dir='ltr'>libri</span> <span class='ocrx_word' id='word_1_211' title='bbox 838 2352 905 2396; x_wconf 81' lang='lat' dir='ltr'><em>Re</em></span> <span class='ocrx_word' id='word_1_212' title='bbox 1025 2358 1053 2396; x_wconf 87' lang='grc'>4</span> <span class='ocrx_word' id='word_1_213' title='bbox 1081 2352 1221 2409; x_wconf 80' lang='grc' dir='ltr'><em>ἐχρῆν</em></span> <span class='ocrx_word' id='word_1_214' title='bbox 1238 2352 1405 2408; x_wconf 83' lang='lat' dir='ltr'><strong>scripsi</strong></span> <span class='ocrx_word' id='word_1_215' title='bbox 1466 2350 1568 2397; x_wconf 83' lang='grc' dir='ltr'><em>οἷον</em></span> <span class='ocrx_word' id='word_1_216' title='bbox 1586 2348 1643 2409; x_wconf 89' lang='grc' dir='ltr'><em>ἦν</em></span> <span class='ocrx_word' id='word_1_217' title='bbox 1659 2353 1769 2398; x_wconf 85' lang='lat' dir='ltr'>libri</span> 
     </span>
     <span class='ocr_line' id='line_1_28' title="bbox 78 2409 1616 2468; baseline 0.003 -15"><span class='ocrx_word' id='word_1_218' title='bbox 78 2409 146 2453; x_wconf 76' lang='lat' dir='ltr'><em>Re</em></span> <span class='ocrx_word' id='word_1_219' title='bbox 195 2412 203 2466; x_wconf 89' lang='grc' dir='ltr'>Ι</span> <span class='ocrx_word' id='word_1_220' title='bbox 250 2415 331 2466; x_wconf 86' lang='grc' dir='ltr'><em>τῆς</em></span> <span class='ocrx_word' id='word_1_221' title='bbox 369 2410 533 2467; x_wconf 87' lang='lat' dir='ltr'><strong>scripsi</strong></span> <span class='ocrx_word' id='word_1_222' title='bbox 572 2423 598 2454; x_wconf 83' lang='lat' dir='ltr'>e</span> <span class='ocrx_word' id='word_1_223' title='bbox 631 2412 696 2455; x_wconf 81' lang='lat' dir='ltr'><strong>Li</strong></span> <span class='ocrx_word' id='word_1_224' title='bbox 768 2419 860 2455; x_wconf 84' lang='grc' dir='ltr'><em>τῶν</em></span> <span class='ocrx_word' id='word_1_225' title='bbox 893 2412 951 2456; x_wconf 85' lang='lat' dir='ltr'><strong><em>H</em></strong></span> <span class='ocrx_word' id='word_1_226' title='bbox 956 2412 1225 2457; x_wconf 75' lang='lat' dir='ltr'><em>VMatMon</em></span> <span class='ocrx_word' id='word_1_227' title='bbox 1299 2418 1380 2468; x_wconf 87' lang='grc' dir='ltr'><em>τῆς</em></span> <span class='ocrx_word' id='word_1_228' title='bbox 1417 2419 1509 2457; x_wconf 84' lang='grc' dir='ltr'><em>τῶν</em></span> <span class='ocrx_word' id='word_1_229' title='bbox 1548 2411 1616 2457; x_wconf 81' lang='lat' dir='ltr'><em>Re</em></span> 
     </span>
     <span class='ocr_line' id='line_1_29' title="bbox 80 2468 1767 2527; baseline 0.002 -15"><span class='ocrx_word' id='word_1_230' title='bbox 80 2473 134 2512; x_wconf 95' lang='lat'><em>10</em></span> <span class='ocrx_word' id='word_1_231' title='bbox 166 2468 515 2526; x_wconf 80' lang='grc' dir='ltr'><em>καταλυομένην</em></span> <span class='ocrx_word' id='word_1_232' title='bbox 548 2472 657 2514; x_wconf 83' lang='lat' dir='ltr'><strong>ante</strong></span> <span class='ocrx_word' id='word_1_233' title='bbox 689 2470 808 2514; x_wconf 80' lang='grc' dir='ltr'><em>ἰδεῖν</em></span> <span class='ocrx_word' id='word_1_234' title='bbox 839 2470 1014 2514; x_wconf 82' lang='lat' dir='ltr'><strong>inserui</strong></span> <span class='ocrx_word' id='word_1_235' title='bbox 1046 2469 1137 2515; x_wconf 91' lang='lat' dir='ltr'><strong>coll</strong></span> <span class='ocrx_word' id='word_1_236' title='bbox 1169 2470 1299 2514; x_wconf 86' lang='lat' dir='ltr'><strong>Dem.</strong></span> <span class='ocrx_word' id='word_1_237' title='bbox 1325 2486 1370 2527; x_wconf 91' lang='lat' dir='ltr'><em>p.</em></span> <span class='ocrx_word' id='word_1_238' title='bbox 1399 2476 1500 2527; x_wconf 85' lang='grc'>196,</span> <span class='ocrx_word' id='word_1_239' title='bbox 1519 2476 1588 2526; x_wconf 89' lang='grc'><em>12,</em></span> <span class='ocrx_word' id='word_1_240' title='bbox 1650 2472 1767 2516; x_wconf 82' lang='grc' dir='ltr'><em>ἀπο-</em></span> 
     </span>
     <span class='ocr_line' id='line_1_30' title="bbox 75 2527 1764 2587; baseline 0.002 -16"><span class='ocrx_word' id='word_1_241' title='bbox 75 2527 273 2584; x_wconf 82' lang='grc' dir='ltr'><em>λομένην</em></span> <span class='ocrx_word' id='word_1_242' title='bbox 302 2528 465 2572; x_wconf 80' lang='lat' dir='ltr'><strong>Iacobs</strong></span> <span class='ocrx_word' id='word_1_243' title='bbox 490 2528 657 2572; x_wconf 85' lang='lat' dir='ltr'><strong>Schulz</strong></span> <span class='ocrx_word' id='word_1_244' title='bbox 683 2533 752 2585; x_wconf 85' lang='grc'><em>58,</em></span> <span class='ocrx_word' id='word_1_245' title='bbox 816 2528 1067 2586; x_wconf 80' lang='grc' dir='ltr'><em>ὀλλυμένην</em></span> <span class='ocrx_word' id='word_1_246' title='bbox 1097 2529 1170 2573; x_wconf 83' lang='lat' dir='ltr'><em>vel</em></span> <span class='ocrx_word' id='word_1_247' title='bbox 1195 2528 1517 2587; x_wconf 80' lang='grc' dir='ltr'><em>ἀπολλυμένην</em></span> <span class='ocrx_word' id='word_1_248' title='bbox 1545 2531 1657 2575; x_wconf 74' lang='lat' dir='ltr'><strong>Lect</strong></span> <span class='ocrx_word' id='word_1_249' title='bbox 1682 2535 1764 2575; x_wconf 84' lang='lat'><em>151</em></span> 
     </span>
     <span class='ocr_line' id='line_1_31' title="bbox 76 2586 1767 2646; baseline 0.002 -16"><span class='ocrx_word' id='word_1_250' title='bbox 76 2586 173 2630; x_wconf 83' lang='lat' dir='ltr'><em>Rev</em></span> <span class='ocrx_word' id='word_1_251' title='bbox 203 2592 289 2631; x_wconf 79' lang='lat'><em>425</em></span> <span class='ocrx_word' id='word_1_252' title='bbox 328 2590 436 2644; x_wconf 66' lang='lat' dir='ltr'><strong>posi:</strong></span> <span class='ocrx_word' id='word_1_253' title='bbox 475 2588 594 2632; x_wconf 82' lang='grc' dir='ltr'><em>ἰδεῖν</em></span> <span class='ocrx_word' id='word_1_254' title='bbox 670 2602 746 2631; x_wconf 89' lang='lat' dir='ltr'><em>om</em></span> <span class='ocrx_word' id='word_1_255' title='bbox 785 2588 896 2632; x_wconf 90' lang='lat' dir='ltr'><strong>libri</strong></span> <span class='ocrx_word' id='word_1_256' title='bbox 934 2589 1003 2632; x_wconf 82' lang='lat' dir='ltr'><em>Re</em></span> <span class='ocrx_word' id='word_1_257' title='bbox 1149 2594 1202 2632; x_wconf 91' lang='grc'><em>12</em></span> <span class='ocrx_word' id='word_1_258' title='bbox 1247 2588 1561 2646; x_wconf 80' lang='grc' dir='ltr'><em>δυστυχήμασι</em></span> <span class='ocrx_word' id='word_1_259' title='bbox 1601 2589 1767 2646; x_wconf 84' lang='lat' dir='ltr'><strong>scripsi</strong></span> 
     </span>
     <span class='ocr_line' id='line_1_32' title="bbox 74 2646 1705 2703; baseline 0.002 -14"><span class='ocrx_word' id='word_1_260' title='bbox 74 2647 264 2690; x_wconf 65' lang='lat' dir='ltr'><strong>aucizore</strong></span> <span class='ocrx_word' id='word_1_261' title='bbox 294 2646 504 2691; x_wconf 83' lang='lat' dir='ltr'><strong>Iacobsio</strong></span> <span class='ocrx_word' id='word_1_262' title='bbox 536 2646 641 2703; x_wconf 89' lang='lat' dir='ltr'><em>App</em></span> <span class='ocrx_word' id='word_1_263' title='bbox 673 2646 785 2691; x_wconf 86' lang='lat' dir='ltr'><strong>Pors</strong></span> <span class='ocrx_word' id='word_1_264' title='bbox 818 2652 903 2691; x_wconf 88' lang='lat'><em>330</em></span> <span class='ocrx_word' id='word_1_265' title='bbox 943 2648 1055 2691; x_wconf 68' lang='lat' dir='ltr'><strong>Lech</strong></span> <span class='ocrx_word' id='word_1_266' title='bbox 1088 2653 1170 2692; x_wconf 88' lang='lat'><em>151</em></span> <span class='ocrx_word' id='word_1_267' title='bbox 1204 2648 1300 2692; x_wconf 81' lang='lat' dir='ltr'><em>Rev</em></span> <span class='ocrx_word' id='word_1_268' title='bbox 1333 2652 1418 2692; x_wconf 79' lang='lat'><em>425</em></span> <span class='ocrx_word' id='word_1_269' title='bbox 1451 2647 1617 2692; x_wconf 86' lang='lat' dir='ltr'><strong>Schulz</strong></span> <span class='ocrx_word' id='word_1_270' title='bbox 1650 2653 1705 2692; x_wconf 89' lang='lat'><em>58</em></span> 
     </span>
     <span class='ocr_line' id='line_1_33' title="bbox 76 2704 1766 2762; baseline 0.001 -12"><span class='ocrx_word' id='word_1_271' title='bbox 76 2704 326 2762; x_wconf 83' lang='grc' dir='ltr'><em>διηγήμασι</em></span> <span class='ocrx_word' id='word_1_272' title='bbox 357 2705 465 2749; x_wconf 88' lang='lat' dir='ltr'><strong>libri</strong></span> <span class='ocrx_word' id='word_1_273' title='bbox 493 2705 559 2749; x_wconf 86' lang='lat' dir='ltr'><em>Re</em></span> <span class='ocrx_word' id='word_1_274' title='bbox 683 2710 736 2749; x_wconf 92' lang='lat'><em>13</em></span> <span class='ocrx_word' id='word_1_275' title='bbox 770 2704 1000 2761; x_wconf 77' lang='grc' dir='ltr'><em>φιλίππου</em></span> <span class='ocrx_word' id='word_1_276' title='bbox 1027 2708 1256 2752; x_wconf 75' lang='lat' dir='ltr'><em>MatMon</em></span> <span class='ocrx_word' id='word_1_277' title='bbox 1377 2712 1432 2751; x_wconf 88' lang='lat'><em>14</em></span> <span class='ocrx_word' id='word_1_278' title='bbox 1464 2707 1766 2752; x_wconf 83' lang='grc' dir='ltr'><em>ἀπολλύσθω-</em></span> 
     </span>
     <span class='ocr_line' id='line_1_34' title="bbox 76 2764 1764 2820; baseline 0.003 -13"><span class='ocrx_word' id='word_1_279' title='bbox 76 2776 164 2807; x_wconf 86' lang='grc' dir='ltr'><em>σαν</em></span> <span class='ocrx_word' id='word_1_280' title='bbox 194 2764 382 2820; x_wconf 86' lang='lat' dir='ltr'><strong>rcposui</strong></span> <span class='ocrx_word' id='word_1_281' title='bbox 415 2779 438 2808; x_wconf 86' lang='lat' dir='ltr'>e</span> <span class='ocrx_word' id='word_1_282' title='bbox 469 2764 603 2808; x_wconf 87' lang='lat' dir='ltr'><strong>libris</strong></span> <span class='ocrx_word' id='word_1_283' title='bbox 636 2778 741 2808; x_wconf 88' lang='lat' dir='ltr'><em>cum</em></span> <span class='ocrx_word' id='word_1_284' title='bbox 770 2765 982 2809; x_wconf 83' lang='lat' dir='ltr'><strong>Iacobsio</strong></span> <span class='ocrx_word' id='word_1_285' title='bbox 1016 2765 1182 2810; x_wconf 89' lang='lat' dir='ltr'><strong>Schulz</strong></span> <span class='ocrx_word' id='word_1_286' title='bbox 1216 2771 1271 2810; x_wconf 82' lang='lat'><em>58</em></span> <span class='ocrx_word' id='word_1_287' title='bbox 1333 2766 1663 2811; x_wconf 80' lang='grc' dir='ltr'><em>ἀπολλύτωσαν</em></span> <span class='ocrx_word' id='word_1_288' title='bbox 1694 2766 1764 2812; x_wconf 79' lang='lat' dir='ltr'><em>Re</em></span> 
     </span>
    </p>

    <p class='ocr_par' dir='ltr' id='par_1_9' title="bbox 74 2821 1762 2998">
     <span class='ocr_line' id='line_1_35' title="bbox 196 2821 1629 2879; baseline 0.002 -12"><span class='ocrx_word' id='word_1_289' title='bbox 196 2828 250 2867; x_wconf 87' lang='lat'><em>16</em></span> <span class='ocrx_word' id='word_1_290' title='bbox 282 2821 310 2879; x_wconf 76' lang='grc' dir='ltr'>ἢ</span> <span class='ocrx_word' id='word_1_291' title='bbox 342 2823 518 2869; x_wconf 83' lang='lat' dir='ltr'><strong>inserui</strong></span> <span class='ocrx_word' id='word_1_292' title='bbox 550 2837 606 2867; x_wconf 84' lang='lat' dir='ltr'><em>cx</em></span> <span class='ocrx_word' id='word_1_293' title='bbox 630 2824 688 2868; x_wconf 88' lang='lat' dir='ltr'><strong><em>H</em></strong></span> <span class='ocrx_word' id='word_1_294' title='bbox 693 2824 906 2869; x_wconf 69' lang='lat' dir='ltr'><strong>VMatLi</strong></span> <span class='ocrx_word' id='word_1_295' title='bbox 937 2839 1042 2877; x_wconf 80' lang='lat' dir='ltr'><em>cum</em></span> <span class='ocrx_word' id='word_1_296' title='bbox 1067 2824 1248 2869; x_wconf 75' lang='lat' dir='ltr'><strong>Sinteni</strong></span> <span class='ocrx_word' id='word_1_297' title='bbox 1308 2838 1387 2868; x_wconf 90' lang='lat' dir='ltr'><em>om</em></span> <span class='ocrx_word' id='word_1_298' title='bbox 1412 2826 1530 2870; x_wconf 76' lang='lat' dir='ltr'><em>Mon</em></span> <span class='ocrx_word' id='word_1_299' title='bbox 1561 2825 1629 2870; x_wconf 81' lang='lat' dir='ltr'><em>Re</em></span> 
     </span>
     <span class='ocr_line' id='line_1_36' title="bbox 78 2880 1762 2940; baseline 0.004 -17"><span class='ocrx_word' id='word_1_300' title='bbox 78 2885 131 2924; x_wconf 89' lang='grc'><em>19</em></span> <span class='ocrx_word' id='word_1_301' title='bbox 164 2881 422 2939; x_wconf 80' lang='grc' dir='ltr'><em>ἠνέγκαμεν</em></span> <span class='ocrx_word' id='word_1_302' title='bbox 459 2882 512 2926; x_wconf 87' lang='grc' dir='ltr'><em>τὸ</em></span> <span class='ocrx_word' id='word_1_303' title='bbox 552 2880 791 2937; x_wconf 84' lang='grc' dir='ltr'><em>πρότερον.</em></span> <span class='ocrx_word' id='word_1_304' title='bbox 831 2884 918 2928; x_wconf 79' lang='grc' dir='ltr'><em>οὐκ</em></span> <span class='ocrx_word' id='word_1_305' title='bbox 958 2884 1124 2940; x_wconf 86' lang='lat' dir='ltr'><strong>scripsi</strong></span> <span class='ocrx_word' id='word_1_306' title='bbox 1162 2897 1218 2928; x_wconf 80' lang='lat' dir='ltr'><em>cx</em></span> <span class='ocrx_word' id='word_1_307' title='bbox 1241 2885 1517 2929; x_wconf 70' lang='lat' dir='ltr'><strong>HVMatLi</strong></span> <span class='ocrx_word' id='word_1_308' title='bbox 1555 2898 1661 2928; x_wconf 90' lang='lat' dir='ltr'><em>cum</em></span> <span class='ocrx_word' id='word_1_309' title='bbox 1690 2885 1762 2929; x_wconf 84' lang='lat' dir='ltr'><em>Ia·</em></span> 
     </span>
     <span class='ocr_line' id='line_1_37' title="bbox 74 2939 1557 2998; baseline 0.003 -15"><span class='ocrx_word' id='word_1_310' title='bbox 74 2939 232 2984; x_wconf 80' lang='lat' dir='ltr'><strong>eobsio</strong></span> <span class='ocrx_word' id='word_1_311' title='bbox 265 2941 432 2984; x_wconf 86' lang='lat' dir='ltr'><strong>Schulz</strong></span> <span class='ocrx_word' id='word_1_312' title='bbox 465 2945 520 2984; x_wconf 82' lang='lat'><em>58</em></span> <span class='ocrx_word' id='word_1_313' title='bbox 581 2940 855 2998; x_wconf 78' lang='grc' dir='ltr'><em>ἠνέγκαμεν.</em></span> <span class='ocrx_word' id='word_1_314' title='bbox 887 2941 938 2986; x_wconf 82' lang='grc' dir='ltr'><em>τὸ</em></span> <span class='ocrx_word' id='word_1_315' title='bbox 970 2946 1196 2997; x_wconf 79' lang='grc' dir='ltr'><em>πρότερον</em></span> <span class='ocrx_word' id='word_1_316' title='bbox 1229 2943 1314 2986; x_wconf 82' lang='grc' dir='ltr'><em>οὐκ</em></span> <span class='ocrx_word' id='word_1_317' title='bbox 1341 2944 1460 2988; x_wconf 73' lang='lat' dir='ltr'><em>Mon</em></span> <span class='ocrx_word' id='word_1_318' title='bbox 1489 2942 1557 2987; x_wconf 82' lang='lat' dir='ltr'><em>Re</em></span> 
     </span>
    </p>
   </div>
   <div class='ocr_carea' id='block_1_9' title="bbox 163 3021 1404 3058">
    <p class='ocr_par' dir='ltr' id='par_1_10' title="bbox 163 3021 1404 3058">
     <span class='ocr_line' id='line_1_38' title="bbox 163 3021 1404 3058; baseline 0.004 -5"><span class='ocrx_word' id='word_1_319' title='bbox 163 3022 360 3055; x_wconf 53' lang='lat' dir='ltr'><em>Ianus-ms</em></span> <span class='ocrx_word' id='word_1_320' title='bbox 384 3023 440 3055; x_wconf 82' lang='lat' dir='ltr'><em>ed.</em></span> <span class='ocrx_word' id='word_1_321' title='bbox 458 3023 693 3055; x_wconf 79' lang='lat' dir='ltr'><strong>Foerster.</strong></span> <span class='ocrx_word' id='word_1_322' title='bbox 718 3024 782 3055; x_wconf 85' lang='lat' dir='ltr'><em>VI.</em></span> <span class='ocrx_word' id='word_1_323' title='bbox 1350 3021 1404 3058; x_wconf 85' lang='lat'><em>20</em></span> 
     </span>
    </p>
   </div>
  </div>
 </body>
</html>
