2010 3168
523 111 910 156 ARISTOPHON
912 111 1003 155 TIS
1034 111 1365 156 ANTILOGIA
1683 112 1785 163 157

94 253 226 319 μήτε
267 249 326 303 ἐν
363 256 478 311 τοῖς
518 248 679 310 ἰδίοις
717 249 851 316 μήτε
886 246 948 301 ἐν
980 239 1063 310 οἷς
1093 251 1476 301 πεπολίτευται
1509 246 1781 301 δέδεικται

96 340 352 407 πονηρός,
388 336 489 391 οὐκ
521 335 834 405 Ἀθήνησιν,
873 337 974 390 οὐκ
1013 335 1101 390 ε’πὶ
1141 345 1235 406 τῆς
1274 336 1447 406 ξένης,
1487 337 1588 406 οὐχ
1629 335 1786 403 ἑκών,

97 428 235 494 <οὐκ
274 426 474 494 ἄκων),
528 426 631 494 οὐχ
682 425 790 479 ὑπὸ
836 427 1126 494 προνοίας,
1182 427 1285 480 οὐκ
1326 426 1383 478 ἐκ
1437 427 1603 495 τύχης
1666 422 1785 479 οὐδ’

98 515 289 570 ὁτιοῦν
326 517 580 577 ὑπαίτιος
618 513 953 583 ἐλήλεγκται,
992 507 1170 568 πάντα
1210 515 1444 584 ἄριστος.
1483 516 1544 568 τὸ
1585 517 1689 584 γὰρ
1731 512 1792 567 ἐν

97 604 249 675 με’ρει
285 605 374 658 καὶ
413 600 543 658 καθ’
589 602 822 657 ἕκαστον
862 603 1115 658 ἀναίτιον
1162 607 1238 668 εἰς
1284 605 1347 657 ἓν
1393 603 1586 673 ἀρετῆς
1625 604 1790 672 κεφά-
1838 625 1858 657 5

98 699 257 747 λαιον
297 693 624 763 ἀθροίζεται.
666 691 796 746 οὐδὲ
837 694 940 762 γάρ
974 693 1125 746 ἐστιν
1157 695 1294 762 ἄλλη
1327 691 1409 756 τις
1441 693 1793 762 ἀνδραγαθία

98 783 239 852 πλὴν
278 784 340 836 τὸ
381 786 572 844 κακίας
619 783 796 852 πάσης
841 781 995 845 ἐκτὸς
1042 779 1198 836 εἶναι.
1247 785 1294 836 εἰ
1339 779 1442 850 μὲν
1489 783 1593 850 γάρ
1643 781 1791 835 ἐστιν

99 870 159 924 ἐν
219 875 376 934 θεοῖς
436 871 600 941 ἀρετή
662 891 743 934 τις
806 868 962 941 ἑτέρα
1031 871 1363 940 τελειοτέρα,
1424 873 1557 934 θεὸς
1619 865 1790 924 οἶδεν·

98 959 405 1029 ἀνθρώπου
446 961 508 1014 δὲ
547 960 684 1028 αὕτη
713 963 822 1028 -μία
853 961 1238 1031 ἀναμάρτητον
1270 960 1330 1014 ἐν
1367 962 1536 1014 ἅπασι
1576 962 1794 1030 δειχθῆ-

96 1069 188 1102 ναι
227 1051 327 1103 τὸν
365 1052 507 1117 βίον.
1817 1072 1860 1104 ιο

214 1154 296 1206 19.
329 1151 518 1222 Ὁρᾶτε
558 1154 619 1207 δὲ
658 1154 833 1217 οὕτως
870 1155 960 1208 καὶ
1000 1154 1125 1208 καθ’
1171 1154 1404 1208 ἕκαστον
1443 1154 1791 1219 ἐξετάζοντες.

97 1243 221 1296 τίνα
262 1244 480 1296 δίκαιον
518 1244 770 1313 ἡγεῖσθε;
811 1244 959 1307 ὅστις
991 1241 1160 1298 οὐὸὲν
1193 1244 1388 1310 ἀδικεῖ,
1420 1247 1635 1313 φήσετε.
1667 1246 1793 1297 τίνα

99 1331 160 1384 δὲ
202 1336 474 1400 ε’μφρονα;
522 1338 620 1385 τὸν
667 1330 836 1386 οὐδὲν
882 1333 1196 1401 ἀγνοοῦντα
1242 1343 1354 1387 τῶν
1399 1335 1793 1403 προσηκόντων

99 1419 327 1473 εἰδέναι·
390 1422 657 1490 σώφρονα
715 1421 800 1489 δέ,
864 1422 915 1475 εἴ
964 1442 1047 1484 τις
1101 1422 1312 1491 ὕβρεως
1365 1421 1455 1475 καὶ
1510 1421 1794 1490 ἀσελγείας

99 1509 451 1578 ἀπήλλακται.
500 1510 589 1563 καὶ
639 1511 749 1579 μὴν
787 1509 878 1564 καὶ
918 1510 1174 1579 ἀνδρεῖος
1212 1510 1241 1564 ὁ
1282 1511 1354 1580 μὴ
1404 1514 1605 1578 ὸειλός,
1652 1508 1792 1565 ἔνθα
1818 1532 1859 1565 15

99 1602 301 1667 τόλμης
339 1602 527 1668 καιρός
575 1600 702 1652 ἐστι.
748 1598 840 1652 καὶ
886 1601 1064 1663 πάσας
1109 1598 1192 1654 ἑνὶ
1240 1602 1386 1672 λόγῳ
1433 1602 1528 1663 τὰς
1574 1600 1794 1670 ἀνθρω-

100 1689 264 1750 πίνας
305 1687 500 1757 ἀρετὰς
548 1689 719 1742 αὐτοῦ
766 1690 1118 1756 καμπτούσας
1158 1691 1300 1743 ἰδεῖν
1339 1686 1490 1742 ἔστιν
1530 1691 1654 1759 ἄχρι
1693 1697 1794 1743 τοῦ

101 1785 213 1829 τῶν
245 1775 513 1830 ἐναντίων
546 1777 927 1847 ἀφεστηκέναι.
967 1781 1238 1847 φρόνησις
1268 1776 1371 1847 μὲν
1403 1778 1593 1842 ἀνοίας
1625 1782 1794 1848 φυγή,

104 1866 431 1934 δικαιοσύνη
472 1866 533 1919 δὲ
572 1866 768 1920 ἀδίκου
810 1869 1030 1936 φυλακὴ
1073 1869 1300 1936 τρόπου,
1346 1869 1554 1931 δειλίας
1604 1869 1666 1921 δὲ
1703 1870 1794 1936 τή-

101 1958 257 2023 ρησις
289 1954 543 2024 εὐψυχία,
582 1954 673 2008 καὶ
707 1957 1043 2025 σωφροσύνη
1077 1958 1138 2010 τὸ
1170 1959 1394 2026 κρείττω
1430 1966 1543 2010 τῶν
1574 1956 1794 2025 ἡδονῶν
1818 1979 1862 2011 20

101 2037 257 2097 εἶναι.
297 2044 388 2097 καὶ
427 2043 606 2098 πάντα
646 2045 858 2111 ἀγαθὸς
898 2045 927 2099 ὁ
968 2043 1142 2115 μηδὲν
1179 2048 1358 2108 κακός.
1399 2045 1484 2098 20.
1524 2047 1698 2113 μάθοι
1738 2044 1787 2098 δ’

220 2255 246 2294 3
278 2249 385 2295 Her.
410 2249 516 2294 VIII
540 2255 609 2303 87,
629 2256 654 2294 2

221 2447 246 2486 3
279 2444 364 2487 οὐκ
397 2443 523 2488 ἄκων
555 2443 730 2487 inserui
791 2458 867 2488 om
894 2444 1029 2489 MaP
1053 2446 1059 2501 Ι
1087 2444 1178 2489 ὑπὸ
1203 2441 1432 2499 προνοίας
1462 2444 1628 2500 scripsi
1653 2457 1677 2487 e
1704 2445 1794 2488 Ma

161 2500 388 2554 ὑπονοίας
421 2505 467 2547 Ρ
536 2502 617 2546 ὑπ’
654 2501 821 2553 ἀνοίας
860 2503 970 2547 olim
1011 2503 1176 2560 scripsi
1225 2507 1232 2560 Ι
1283 2501 1386 2548 οὐδ’
1433 2503 1599 2559 scripsi
1675 2501 1790 2547 οὔθ’

105 2563 240 2606 ΜαΡ
378 2567 405 2605 4
449 2560 604 2606 πάντα
649 2563 814 2618 scripsi
858 2562 946 2606 coll
990 2562 1020 2607 l.
1062 2568 1114 2606 21
1202 2561 1356 2606 πάντα
1398 2562 1589 2607 πάντων
1624 2564 1712 2606 Ma

102 2620 290 2664 πάντων
328 2621 517 2664 πάντων
543 2623 589 2666 Ρ
658 2620 844 2672 πάντως
883 2621 995 2666 olim
1036 2622 1214 2666 conieci
1358 2627 1383 2664 5
1427 2620 1724 2666 καθέκαστον
1753 2623 1798 2666 Ρ

221 2683 246 2721 6
279 2677 347 2730 τίς
373 2681 462 2724 Μα
582 2685 608 2723 8
639 2680 885 2735 τελεωτέρα
914 2683 1001 2726 Ma
1121 2685 1146 2724 9
1180 2683 1432 2738 δειχθῆναι
1466 2681 1628 2736 scripsi
1653 2695 1677 2725 e
1705 2683 1794 2725 Ma

162 2740 406 2783 δεικνῦναι
431 2741 476 2783 Ρ
595 2743 648 2782 10
679 2740 761 2783 τὸν
793 2739 898 2797 βίον
923 2740 1087 2796 scripsi
1147 2741 1230 2784 τὸν
1262 2740 1366 2798 βιόν
1388 2741 1435 2784 Ρ
1492 2754 1568 2783 om
1587 2742 1675 2784 Ma

105 2803 155 2840 11
192 2796 486 2842 καθέκαστον
513 2799 649 2842 ΜαΡ
790 2804 841 2842 17
874 2807 958 2843 τοῦ
990 2801 1128 2843 omP
1271 2804 1324 2842 19
1355 2797 1543 2855 τήρησις
1575 2797 1792 2856 εὐψυχία,

103 2856 182 2899 καὶ
226 2857 500 2912 σωφροσύνη
545 2858 710 2913 scripsi
852 2859 1059 2914 τήρησις·
1105 2856 1309 2917 εὐψυχία
1357 2858 1407 2901 δὲ
1441 2861 1540 2914 (om
1569 2859 1679 2914 Ma)
1713 2858 1793 2902 καὶ

104 2915 380 2971 σωφροσύνη
407 2916 545 2960 ΜαΡ
660 2922 712 2959 21
747 2916 923 2973 μάθοις
954 2915 997 2962 δ’
1035 2915 1094 2960 ἂν
1128 2918 1332 2974 ἐναργῶς
1358 2919 1446 2961 Μα
