2010 3168
199 112 302 164 156
669 112 897 158 LIBANII
927 112 1317 158 DECLAMA'I'IO
1349 113 1456 158 XVI

197 250 693 319 ψευδομαρτυριῶν
734 248 1054 318 ἐπέσκηψεν,
1095 248 1359 319 ἐκρίνατε,
1398 250 1623 303 πάντων
1662 247 1723 303 δὲ
1756 270 1890 319 μαρ-

197 338 518 406 τυρούντων
556 358 649 406 μοι
695 348 808 391 τῶν
859 340 1252 408 δικαστηρίων,
1299 337 1362 392 ἐν
1409 332 1493 401 οἷς
1539 337 1696 392 αὐτοὶ
1744 339 1891 392 δικά-

199 429 381 491 ζοντες
419 425 683 495 ἐκρίνατε,
724 427 881 497 ἕτερα
920 427 1229 496 γνώσεσθες
1269 437 1433 481 ποῖον
1472 429 1575 497 γὰρ
1617 428 1682 480 οὐ
1726 442 1891 496 συνη-

197 517 351 584 γόρει
390 536 481 584 μοι
532 515 852 586 συνέδριον,
902 517 1001 586 οὐχ
1043 516 1074 585 ἡ
1116 518 1289 585 βουλὴ
1337 526 1447 570 τῶν
1492 519 1891 580 πεντακοσίων;

154 624 174 657 ⁶
201 604 302 656 οὐκ
328 603 532 673 Ἄρειος
571 606 766 673 πάγοςς
807 606 908 674 οὐχ
950 605 1156 674 ἡλιαίας
1198 606 1299 674 οὐχ
1340 606 1368 659 ὅ
1402 626 1454 658 τι
1493 605 1564 659 ἂν
1604 611 1749 658 εἴποι
1788 625 1891 675 τις;

314 693 396 745 18.
437 696 634 746 Καίτοι
676 695 849 763 φησὶν
896 695 964 747 οὐ
1011 693 1136 763 περὶ
1187 695 1419 764 δωρεᾶς,
1469 694 1606 748 ἀλλὰ
1652 695 1776 762 περὶ
1814 714 1892 748 τι-

199 785 408 850 μωρίας
440 787 713 851 κριθῆναί
740 803 805 851 με
853 782 943 836 καὶ
976 783 1100 852 περὶ
1133 791 1233 837 τοῦ
1267 785 1337 852 μὴ
1370 785 1633 853 πονηρόν,
1666 783 1785 836 ἀλλ’
1825 784 1890 836 οὐ

200 870 325 939 περὶ
364 871 538 940 <τοῦ>
577 874 815 940 χρηστὸν
863 867 1004 925 εἶναι
1054 874 1265 926 δοκεῖν,
1297 872 1401 940 ἐγὼ
1443 873 1504 926 δὲ
1543 875 1594 926 εί
1629 869 1729 942 μὲν
1767 870 1892 939 περὶ

206 962 415 1030 δωρεᾶς
455 961 716 1029 ἄντικρυς
756 961 959 1014 οὑτωσὶ
999 959 1126 1031 παρ’
1172 961 1304 1028 ὑμῖν
1343 962 1715 1030 ἠγωνισάμην,
1749 960 1893 1014 ἐστε-

110 1054 165 1098 Η.
182 1055 244 1097 IX
262 1059 317 1097 35
380 1050 678 1119 φανούμην
703 1050 772 1102 ἂν
797 1051 970 1113 εὐθὺς
993 1051 1100 1103 ὑπὸ
1125 1058 1224 1103 τοῦ
1249 1052 1471 1120 πρώτου
1492 1049 1495 1122 Ι
1518 1051 1892 1118 δικαστηρίου,

135 1162 175 1194 11
201 1138 291 1192 καὶ
338 1141 591 1202 πλείονος
638 1138 929 1202 ἐξετάσεως
977 1139 1079 1193 οὐκ
1134 1141 1268 1192 ἔδει·
1323 1147 1431 1193 νῦν
1477 1139 1539 1192 δὲ
1589 1139 1638 1191 εἰ
1683 1138 1772 1192 καὶ
1820 1141 1891 1208 μὴ

199 1227 325 1282 καθ’
374 1227 609 1295 ἑκάστην
649 1228 863 1296 ἀγαθὸς
904 1228 1185 1297 δέδειγμαι
1225 1232 1426 1298 κρίσιν,
1480 1227 1594 1281 ἀλλ’
1643 1228 1787 1294 ὅμως
1826 1227 1892 1281 οὐ

199 1319 378 1386 κακός,
418 1316 622 1386 ἀθρόαι
661 1319 894 1386 γνώσεις
933 1317 1127 1387 ἀρετῆς
1167 1319 1322 1371 εἰσιν.
1371 1318 1463 1370 διὰ
1507 1320 1581 1381 τί;
1632 1317 1714 1370 ὅτι
1760 1318 1893 1385 μίαν

199 1406 300 1473 μέν
339 1426 421 1468 τις
461 1405 719 1474 ἐκφυγὼν
759 1408 941 1460 αἰτίαν
988 1407 1141 1460 οὔπω
1190 1408 1362 1475 δῆλον
1410 1412 1457 1458 εἰ
1504 1405 1594 1459 καὶ
1641 1407 1706 1458 τὰ
1756 1407 1893 1459 ἄλλα

135 1518 177 1549 15
201 1498 451 1557 τοιοῦτός
499 1495 662 1547 ἐστιν.
718 1489 842 1549 οἷον
881 1495 909 1548 ὁ
957 1497 1170 1558 δίκαιος
1218 1497 1295 1558 εἰς
1342 1497 1587 1564 χρήματα
1642 1496 1776 1564 τάχα
1824 1496 1893 1548 ἃν

203 1586 379 1647 ἄλλως
403 1584 665 1654 ὑβριστὴς
697 1586 911 1653 φανείη.
950 1583 978 1637 ὁ
1011 1583 1230 1653 μέτριος
1263 1583 1508 1637 ἐνταῦθα
1536 1584 1626 1637 καὶ
1658 1587 1894 1653 πλησίον

201 1683 313 1727 τῶν
344 1675 529 1742 νόμων
562 1678 692 1735 ἴσως
723 1674 975 1741 πονηρὸς
996 1671 1057 1726 ἐν
1089 1682 1151 1744 τῇ
1186 1672 1324 1743 ξένῃ.
1358 1674 1645 1742 πρεσβεύει
1679 1672 1781 1742 μέν
1811 1692 1894 1735 τις

203 1762 647 1831 ἀδωροδοκήτως,
672 1764 738 1814 τὰ
762 1763 899 1815 ἄλλα
929 1763 989 1815 δὲ
1013 1768 1222 1829 μισθοῦ
1248 1763 1606 1815 πολιτεύεται.
1645 1764 1710 1815 τὰ
1734 1762 1894 1814 κοινά

202 1872 285 1915 τις
337 1854 592 1921 χρηστός,
642 1851 757 1921 ἰδίᾳ
810 1851 872 1904 δὲ
918 1851 1019 1920 οὐχ
1077 1851 1281 1920 ὅμοιος.
1343 1852 1551 1904 οὔκουν
1603 1850 1894 1920 ἀξιόχρεως

136 1962 178 1994 20
204 1941 398 2008 ἄφεσις
429 1939 762 2008 ἐγκλήματος
795 1939 916 2002 ἑνὸς
947 1949 1042 2008 τῆς
1068 1940 1197 2008 ὅλης
1223 1941 1414 2009 ἀρετῆς
1438 1942 1619 2002 πίστις
1652 1937 1792 1992 εἶναι
1825 1948 1898 2008 τῷ

201 2031 300 2082 τὸν
339 2029 509 2082 αὐτὸν
548 2029 648 2082 τὸν
686 2026 788 2097 μὲν
827 2029 894 2082 οὐ
937 2030 1123 2082 δοκεῖν
1162 2029 1398 2094 ἀδικεῖν,
1439 2025 1630 2096 ἕτερον
1662 2027 1726 2081 δέ
1755 2048 1892 2081 τινα.

205 2120 254 2171 εἰ
292 2117 356 2171 δέ
392 2138 475 2181 τις
514 2119 607 2170 διὰ
643 2118 868 2170 πάντων
907 2116 1149 2187 κέκριται
1180 2127 1289 2170 τῶν
1327 2116 1774 2185 ἐπιτηδευμάτων
1805 2117 1893 2169 καὶ

326 2239 347 2278 1
383 2234 440 2278 cf.
467 2211 641 2290 {5162
664 2238 733 2277 21.
782 2233 944 2278 Aesoh.
971 2233 1089 2277 Tim.
1122 2249 1167 2290 p.
1196 2238 1352 2288 18,27.
1403 2233 1530 2277 nem.
1572 2233 1675 2277 adv.
1709 2233 1892 2288 Aphob.

202 2308 248 2349 p.
274 2297 375 2348 846,
394 2299 462 2336 29.
495 2293 613 2336 ΡΙειίῑ.
648 2293 837 2336 Theaet.
862 2307 907 2349 p.
936 2297 1020 2337 145
1038 2292 1070 2337 C
1209 2298 1233 2336 6
1267 2293 1323 2336 cf.
1349 2308 1393 2349 p.
1423 2297 1522 2343 120,
1542 2298 1588 2346 1;
1625 2298 1721 2346 121,
1741 2296 1765 2335 9

207 2357 259 2395 18
294 2353 423 2396 Dem.
457 2366 546 2395 cor.
579 2367 623 2408 p.
651 2356 752 2408 310,
771 2358 825 2396 22
949 2356 1003 2395 20
1037 2352 1166 2395 Dem.
1201 2368 1244 2409 p.
1272 2357 1410 2406 36‚5;
1446 2356 1572 2406 1427,
1593 2357 1617 2394 2

324 2461 349 2499 3
383 2455 628 2511 συνηγόρει
661 2455 826 2511 scripsi
852 2457 1042 2499 auctore
1067 2455 1317 2512 Spengelio
1380 2461 1628 2510 συνηγορεῖ
1643 2455 1779 2498 ΜαΡ

206 2519 231 2558 5
264 2514 293 2559 δ’
321 2532 364 2558 τι
396 2516 559 2570 scripsi
636 2513 707 2558 ὅτι
734 2517 871 2559 ΜαΡ
1011 2519 1034 2557 7
1075 2512 1175 2558 ἀλλ’
1212 2529 1287 2558 om
1314 2515 1401 2558 Ma
1544 2518 1570 2556 8
1606 2520 1687 2556 τοῦ
1719 2512 1893 2555 inserui

265 2588 339 2618 om
367 2576 504 2618 MaP
642 2579 666 2615 9
711 2572 817 2627 παρ’
854 2573 963 2629 ὑμῖν
994 2573 1169 2616 inserui
1203 2587 1226 2616 e
1255 2575 1342 2617 Ma
1419 2587 1492 2616 om
1519 2575 1564 2617 P
1703 2577 1757 2615 10
1800 2572 1891 2615 ὑπὸ

206 2633 370 2688 scripsi
433 2633 524 2676 ἀπὸ
553 2634 687 2677 ΜαΡ
807 2638 860 2676 12
893 2632 1190 2689 καθεκάστην
1216 2634 1262 2676 Ρ
1285 2635 1290 2688 1
1320 2630 1440 2688 ὅμως
1468 2632 1522 2675 οὐ
1554 2629 1698 2682 κακός
1729 2631 1892 2699 scripsi

266 2691 355 2735 ὅσω
382 2691 508 2748 (ὅσον
537 2692 638 2739 Ma)
669 2692 724 2734 σὺ
756 2699 918 2742 κακοῖς
944 2692 1079 2735 ΜαΡ
1221 2697 1273 2735 13
1314 2689 1485 2746 κρίσεις
1510 2692 1597 2734 Μα
1647 2693 1652 2746 Ι
1704 2692 1827 2733 διατι
1853 2691 1899 2734 Ρ

210 2750 215 2808 Ι
251 2748 362 2806 μίαν
394 2750 477 2806 μέν
505 2752 594 2794 Ma
626 2751 707 2794 sed
741 2768 766 2794 ν
800 2751 882 2807 μέν
914 2751 963 2793 in
995 2765 1068 2793 ras
1101 2750 1170 2792 m²
1292 2755 1346 2793 14
1377 2752 1518 2793 τᾶλλα
1549 2751 1636 2793 Ma
1758 2753 1809 2792 17
1853 2748 1893 2792 εἰ

207 2813 317 2854 ante
348 2810 587 2866 πρεσβεύει
615 2811 750 2854 ΜαΡ
821 2809 971 2853 delevi
1011 2809 1278 2853 auctoribus
1317 2808 1527 2852 Hertlino
1566 2811 1614 2851 et
1645 2807 1817 2852 Cobeto

206 2869 286 2912 καὶ
319 2870 422 2911 coni
456 2868 613 2912 Gasda
736 2874 789 2912 18
821 2868 962 2912 τᾶλλα
984 2870 1072 2912 Μα
1194 2872 1247 2911 19
1282 2865 1328 2911 δ’
1360 2869 1447 2916 Jm
1474 2869 1480 2924 Ι
1510 2865 1706 2922 ὁμοίωςὶ)
1739 2866 1893 2910 Gasda

327 2931 382 2971 20
415 2928 508 2974 ἐστὶ
534 2927 691 2972 Gasda
812 2933 865 2971 21
899 2928 950 2971 τὸ
983 2928 1065 2984 μὲν
1098 2928 1145 2972 ot
1175 2943 1218 2972 τι
1250 2926 1406 2972 Gasda
