2010 3168
210 115 242 167 6
660 113 887 158 LIBANII
917 113 1306 158 DECLAMATIO
1339 115 1446 158 XIII

318 254 626 302 Declamatio
673 254 725 302 in
779 254 939 301 lucem
984 256 1239 315 protracssa
1285 256 1360 302 esi}
1406 271 1435 302 a
1481 255 1610 303 Fed.
1643 256 1892 305 Morello

208 328 379 376 Liban.
419 343 530 390 opp.
563 330 599 375 t.
623 328 647 374 I
687 345 731 390 p.
760 329 1051 376 489—510
1092 344 1149 375 ex
1187 327 1354 389 unico,
1386 331 1443 376 ut
1479 329 1584 390 ipse
1611 324 1893 398 testatuxl),

208 403 387 462 codice,
418 419 564 464 quem
596 402 833 464 quoniam
863 403 1035 450 littera
1060 403 1107 449 R
1136 402 1189 449 id
1219 404 1295 450 est
1325 402 1546 450 Romano
1579 404 1892 466 significavit,

209 476 548 539 apographum
579 477 729 524 fuisse
763 479 1039 523 statuamus
1072 491 1266 524 necesse
1299 480 1375 524 est
1406 476 1588 525 codicis
1620 478 1831 527 Romani
1863 494 1893 526 a

206 550 397 598 Leone
438 550 671 598 Allatio
711 544 983 615 missum.2)
1047 549 1142 607 Qui
1179 566 1338 612 neque
1372 551 1641 599 Vaticanus
1680 569 1750 615 gr.
1787 554 1891 601 940

206 641 365 686 neque
395 623 696 672 Barberinus
729 625 849 685 fuit,
889 624 974 672 sed
1014 639 1126 671 eum
1157 624 1373 672 codicem
1411 624 1563 672 fuisse
1595 625 1891 674 Vaticanum

207 715 278 761 gr.
307 700 410 746 937
446 702 520 745 est
553 698 683 760 quod
722 698 973 746 coniciam.
1025 696 1166 746 Certe
1197 699 1296 746 fuit
1327 699 1565 763 gemellus
1597 699 1778 747 codicis
1816 700 1891 748 M.

318 772 607 821 Mendorum
655 772 831 834 quibus
870 772 990 820 haec
1037 772 1189 820 editio
1229 774 1389 821 scatet
1431 788 1661 835 magnam
1699 777 1891 835 partem

207 863 319 895 cum
344 862 435 907 ope
464 846 643 895 codicis
667 847 990 907 Monacensis,
1015 846 1101 908 qui
1123 848 1334 894 maxime
1359 862 1469 894 cum
1498 848 1541 893 V
1561 847 1824 896 concordat
1834 841 1892 915 ³),

206 923 311 968 tum
345 920 613 968 divinando
645 922 845 968 sanavit
867 920 1171 984 Reiskius,
1202 920 1286 968 sed
1315 936 1439 968 uxor
1469 936 1594 982 quae
1627 921 1892 970 editionem

206 996 325 1043 fecit
348 998 383 1041 t.
399 993 472 1041 IV
495 1011 542 1055 p.
563 996 852 1043 348—373
879 997 1070 1042 textum
1093 994 1194 1042 fere
1210 994 1557 1043 Morellianum
1582 1011 1643 1042 ne
1659 996 1892 1044 monstris

209 1069 407 1130 quidem
441 1069 651 1117 sublatis
691 1083 886 1117 servare
926 1085 1075 1130 quam
1115 1068 1480 1116 emendationes
1521 1072 1679 1117 certas
1722 1070 1893 1117 mariti

205 1144 258 1191 in
288 1145 427 1190 textu
457 1158 692 1204 reponere
724 1142 917 1190 maluit.

318 1216 572 1265 Nonnulla
617 1216 681 1264 ad
726 1219 917 1264 textum
965 1217 1305 1280 corrigendum
1358 1217 1569 1265 contulit
1616 1215 1894 1277 Cobetus,

205 1292 350 1353 plura
389 1291 474 1338 Fr.
507 1290 818 1339 Iacobsius
858 1292 908 1338 et
946 1291 1005 1340 A.
1039 1289 1255 1351 Gasda,
1305 1291 1392 1352 qui
1438 1291 1587 1339 etiam
1631 1290 1892 1352 codicibus,

206 1366 291 1412 ille
323 1365 620 1426 Monacensi,
651 1365 732 1412 hic
763 1365 990 1413 Parisino
1025 1366 1184 1425 3017,
1214 1363 1292 1412 usi
1322 1358 1508 1431 sunt.4)

328 1523 368 1575 1)
401 1521 449 1564 P.
477 1525 579 1575 496,
598 1526 650 1564 17
685 1521 746 1564 ad
771 1521 913 1566 verba
944 1536 988 1576 p.
1015 1525 1084 1576 21,
1104 1525 1155 1564 13
1188 1519 1257 1564 ὅτι
1289 1519 1373 1576 τὴν
1398 1517 1624 1564 Ἑλλάδαε
1656 1520 1894 1574 „Graecus

209 1580 314 1625 Ood.
340 1582 397 1626 R.
430 1583 595 1625 unicus
625 1581 698 1624 hic
729 1581 902 1625 mendis
931 1580 1173 1625 scatebat.“

326 1642 369 1696 2)
403 1638 469 1683 Cf.
501 1642 534 1683 t.
560 1640 580 1682 Ι
611 1654 655 1695 p.
683 1645 753 1683 58.

325 1702 369 1756 3)
402 1698 556 1743 Codex
583 1700 701 1742 Mon
733 1712 838 1742 cum
871 1696 1040 1742 solo'V
1063 1698 1207 1742 verba
1231 1713 1275 1755 p.
1304 1703 1373 1752 29,
1394 1703 1415 1741 1
1452 1694 1516 1742 ὧν
1547 1699 1632 1742 οὐκ
1665 1697 1893 1754 ἐτήρησαν

205 1757 288 1808 τὰς
310 1757 644 1874 χὲρᾶᾳςῂωἷώθ
660 1758 833 1860 repetiti:
851 1761 905 1860 :leg
925 1773 972 1860 p&
989 1762 1059 1860 4x7s,
1073 1763 1125 1800 12
1151 1758 1240 1860 ig}
1256 1761 1365 1801 ante
1392 1755 1658 1814 φευγόντων
1682 1757 1891 1813 praebet.

459 1852 468 1861 .
526 1853 534 1860 .
610 1832 654 1873 p.
771 1831 795 1861 e
910 1853 918 1860 .
977 1853 984 1860 .
1085 1832 1128 1873 p.
1247 1853 1254 1861 .
