<?xml version="1.0" encoding="UTF-8"?>
<!DOCTYPE html PUBLIC "-//W3C//DTD XHTML 1.0 Transitional//EN"
    "http://www.w3.org/TR/xhtml1/DTD/xhtml1-transitional.dtd">
<html xmlns="http://www.w3.org/1999/xhtml" xml:lang="en" lang="en">
 <head>
  <title>
</title>
<meta http-equiv="Content-Type" content="text/html;charset=utf-8" />
  <meta name='ocr-system' content='tesseract 3.04.00' />
  <meta name='ocr-capabilities' content='ocr_page ocr_carea ocr_par ocr_line ocrx_word'/>
</head>
<body>
  <div class='ocr_page' id='page_1' title='image "./operarecensuitri06libauoft_0604.png"; bbox 0 0 2010 3168; ppageno 0'>
   <div class='ocr_carea' id='block_1_1' title="bbox 177 123 1447 178">
    <p class='ocr_par' dir='ltr' id='par_1_1' title="bbox 177 123 1447 178">
     <span class='ocr_line' id='line_1_1' title="bbox 177 123 1447 178; baseline -0.009 0"><span class='ocrx_word' id='word_1_1' title='bbox 177 125 286 178; x_wconf 88' lang='grc'><strong><em>596</em></strong></span> <span class='ocrx_word' id='word_1_2' title='bbox 607 124 837 168; x_wconf 81' lang='lat' dir='ltr'><strong>LIBANH</strong></span> <span class='ocrx_word' id='word_1_3' title='bbox 865 123 1257 170; x_wconf 75' lang='lat' dir='ltr'>DECLAMATIO</span> <span class='ocrx_word' id='word_1_4' title='bbox 1289 124 1447 168; x_wconf 62' lang='lat' dir='ltr'>xxix,</span> 
     </span>
    </p>
   </div>
   <div class='ocr_carea' id='block_1_2' title="bbox 93 259 1875 1660">
    <p class='ocr_par' dir='ltr' id='par_1_2' title="bbox 93 259 1875 596">
     <span class='ocr_line' id='line_1_2' title="bbox 179 259 1873 331; baseline 0.001 -17"><span class='ocrx_word' id='word_1_5' title='bbox 179 259 430 330; x_wconf 81' lang='grc' dir='ltr'><strong><em>πατέρων</em></strong></span> <span class='ocrx_word' id='word_1_6' title='bbox 469 260 570 313; x_wconf 86' lang='grc' dir='ltr'><strong><em>οὐκ</em></strong></span> <span class='ocrx_word' id='word_1_7' title='bbox 602 262 764 329; x_wconf 81' lang='grc' dir='ltr'><strong><em>ἔχων]</em></strong></span> <span class='ocrx_word' id='word_1_8' title='bbox 798 265 1068 331; x_wconf 74' lang='grc' dir='ltr'><strong><em>θησαυρῷ</em></strong></span> <span class='ocrx_word' id='word_1_9' title='bbox 1100 279 1183 323; x_wconf 87' lang='grc' dir='ltr'><strong><em>τις</em></strong></span> <span class='ocrx_word' id='word_1_10' title='bbox 1213 260 1600 330; x_wconf 77' lang='grc' dir='ltr'><strong><em>περιπέπτωκε.</em></strong></span> <span class='ocrx_word' id='word_1_11' title='bbox 1639 267 1780 315; x_wconf 83' lang='grc' dir='ltr'>θεοῦ</span> <span class='ocrx_word' id='word_1_12' title='bbox 1810 263 1873 315; x_wconf 88' lang='grc' dir='ltr'><strong><em>τὸ</em></strong></span> 
     </span>
     <span class='ocr_line' id='line_1_3' title="bbox 183 347 1875 417; baseline 0.001 -15"><span class='ocrx_word' id='word_1_13' title='bbox 183 351 366 415; x_wconf 86' lang='grc' dir='ltr'><strong><em>δῶρον</em></strong></span> <span class='ocrx_word' id='word_1_14' title='bbox 398 350 658 416; x_wconf 77' lang='grc' dir='ltr'><strong><em>ἄντικρυς</em></strong></span> <span class='ocrx_word' id='word_1_15' title='bbox 681 349 772 401; x_wconf 82' lang='grc' dir='ltr'><strong><em>καὶ</em></strong></span> <span class='ocrx_word' id='word_1_16' title='bbox 796 350 1015 417; x_wconf 83' lang='grc' dir='ltr'><strong><em>φθόνος</em></strong></span> <span class='ocrx_word' id='word_1_17' title='bbox 1048 347 1233 411; x_wconf 83' lang='grc' dir='ltr'><strong><em>οὐδεὶς</em></strong></span> <span class='ocrx_word' id='word_1_18' title='bbox 1265 348 1563 403; x_wconf 81' lang='grc' dir='ltr'><strong><em>ἀπολαύειν</em></strong></span> <span class='ocrx_word' id='word_1_19' title='bbox 1592 359 1704 402; x_wconf 86' lang='grc' dir='ltr'><strong><em>τῶν</em></strong></span> <span class='ocrx_word' id='word_1_20' title='bbox 1727 351 1875 417; x_wconf 81' lang='grc' dir='ltr'><strong><em>παρὰ</em></strong></span> 
     </span>
     <span class='ocr_line' id='line_1_4' title="bbox 93 436 1874 509; baseline 0.002 -21"><span class='ocrx_word' id='word_1_21' title='bbox 93 443 216 488; x_wconf 88' lang='lat' dir='ltr'><strong><em>RIV</em></strong></span> <span class='ocrx_word' id='word_1_22' title='bbox 233 447 318 487; x_wconf 71' lang='lat'><strong><em>218</em></strong></span> <span class='ocrx_word' id='word_1_23' title='bbox 366 445 460 506; x_wconf 78' lang='grc' dir='ltr'><strong><em>τῆς</em></strong></span> <span class='ocrx_word' id='word_1_24' title='bbox 500 438 691 507; x_wconf 88' lang='grc' dir='ltr'><strong><em>Τύχης.</em></strong></span> <span class='ocrx_word' id='word_1_25' title='bbox 724 438 893 506; x_wconf 84' lang='grc' dir='ltr'><strong><em>φίλον</em></strong></span> <span class='ocrx_word' id='word_1_26' title='bbox 922 456 1006 499; x_wconf 84' lang='grc' dir='ltr'><strong><em>τις</em></strong></span> <span class='ocrx_word' id='word_1_27' title='bbox 1037 436 1476 506; x_wconf 77' lang='grc' dir='ltr'><strong><em>ἐκληρονόμησεν</em></strong></span> <span class='ocrx_word' id='word_1_28' title='bbox 1509 436 1517 509; x_wconf 83' lang='grc' dir='ltr'>Ι</span> <span class='ocrx_word' id='word_1_29' title='bbox 1552 437 1589 506; x_wconf 77' lang='grc' dir='ltr'>ἢ</span> <span class='ocrx_word' id='word_1_30' title='bbox 1617 445 1874 507; x_wconf 74' lang='grc' dir='ltr'><strong><em>συγγενῆ,</em></strong></span> 
     </span>
     <span class='ocr_line' id='line_1_5' title="bbox 179 521 1875 596; baseline 0 -17"><span class='ocrx_word' id='word_1_31' title='bbox 179 528 245 580; x_wconf 80' lang='grc' dir='ltr'><strong><em>τὰ</em></strong></span> <span class='ocrx_word' id='word_1_32' title='bbox 277 534 454 596; x_wconf 81' lang='grc' dir='ltr'><strong><em>χρυσᾶ</em></strong></span> <span class='ocrx_word' id='word_1_33' title='bbox 484 527 696 596; x_wconf 82' lang='grc' dir='ltr'><strong><em>δάκρυα</em></strong></span> <span class='ocrx_word' id='word_1_34' title='bbox 726 523 877 578; x_wconf 86' lang='grc' dir='ltr'><strong><em>ταῦτ’</em></strong></span> <span class='ocrx_word' id='word_1_35' title='bbox 918 525 987 578; x_wconf 79' lang='grc' dir='ltr'><strong><em>ἂν</em></strong></span> <span class='ocrx_word' id='word_1_36' title='bbox 1021 531 1102 594; x_wconf 76' lang='grc' dir='ltr'><strong><em>εἴη</em></strong></span> <span class='ocrx_word' id='word_1_37' title='bbox 1136 524 1232 594; x_wconf 88' lang='grc' dir='ltr'><strong><em>ἀφ’</em></strong></span> <span class='ocrx_word' id='word_1_38' title='bbox 1264 521 1342 579; x_wconf 77' lang='grc' dir='ltr'><strong><em>ὧν</em></strong></span> <span class='ocrx_word' id='word_1_39' title='bbox 1374 528 1488 579; x_wconf 83' lang='grc' dir='ltr'><strong><em>ἔστι</em></strong></span> <span class='ocrx_word' id='word_1_40' title='bbox 1523 527 1875 595; x_wconf 78' lang='grc' dir='ltr'><strong><em>δακρύσαντα</em></strong></span> 
     </span>
    </p>

    <p class='ocr_par' dir='ltr' id='par_1_3' title="bbox 115 614 1874 1660">
     <span class='ocr_line' id='line_1_6' title="bbox 138 614 1874 684; baseline -0.001 -15"><span class='ocrx_word' id='word_1_41' title='bbox 138 638 158 670; x_wconf 88' lang='lat'><strong>5</strong></span> <span class='ocrx_word' id='word_1_42' title='bbox 181 617 282 669; x_wconf 90' lang='grc' dir='ltr'><strong><em>τὸν</em></strong></span> <span class='ocrx_word' id='word_1_43' title='bbox 319 618 565 668; x_wconf 89' lang='grc' dir='ltr'><strong><em>πλοῦτον</em></strong></span> <span class='ocrx_word' id='word_1_44' title='bbox 604 617 762 684; x_wconf 81' lang='grc' dir='ltr'><strong><em>ἔχειν.</em></strong></span> <span class='ocrx_word' id='word_1_45' title='bbox 803 614 974 683; x_wconf 74' lang='grc' dir='ltr'><strong><em>[παρὰ</em></strong></span> <span class='ocrx_word' id='word_1_46' title='bbox 1013 616 1277 682; x_wconf 89' lang='grc' dir='ltr'><strong><em>γυναικὸς</em></strong></span> <span class='ocrx_word' id='word_1_47' title='bbox 1315 619 1578 668; x_wconf 79' lang='grc' dir='ltr'><strong><em>πλουτεῖν</em></strong></span> <span class='ocrx_word' id='word_1_48' title='bbox 1617 614 1708 668; x_wconf 79' lang='grc' dir='ltr'><strong><em>καὶ</em></strong></span> <span class='ocrx_word' id='word_1_49' title='bbox 1747 619 1874 684; x_wconf 80' lang='grc' dir='ltr'><strong><em>κλῆ-</em></strong></span> 
     </span>
     <span class='ocr_line' id='line_1_7' title="bbox 181 701 1873 774; baseline 0 -17"><span class='ocrx_word' id='word_1_50' title='bbox 181 724 283 774; x_wconf 92' lang='grc' dir='ltr'><strong><em>ρον</em></strong></span> <span class='ocrx_word' id='word_1_51' title='bbox 309 703 498 773; x_wconf 83' lang='grc' dir='ltr'><strong><em>ἕτερον</em></strong></span> <span class='ocrx_word' id='word_1_52' title='bbox 523 702 884 766; x_wconf 81' lang='grc' dir='ltr'><strong><em>διαδέξασθαι</em></strong></span> <span class='ocrx_word' id='word_1_53' title='bbox 910 701 1114 774; x_wconf 78' lang='grc' dir='ltr'><strong><em>ἑρμαίω</em></strong></span> <span class='ocrx_word' id='word_1_54' title='bbox 1140 714 1457 771; x_wconf 82' lang='grc' dir='ltr'><strong><em>περιπεσεῖν</em></strong></span> <span class='ocrx_word' id='word_1_55' title='bbox 1482 703 1633 771; x_wconf 90' lang='grc' dir='ltr'><strong><em>ε’στι.]</em></strong></span> <span class='ocrx_word' id='word_1_56' title='bbox 1655 751 1659 755; x_wconf 93' lang='grc'><em>.</em></span> <span class='ocrx_word' id='word_1_57' title='bbox 1679 704 1726 756; x_wconf 83' lang='grc'><strong><em>7.</em></strong></span> <span class='ocrx_word' id='word_1_58' title='bbox 1751 705 1873 757; x_wconf 87' lang='grc' dir='ltr'><strong><em>δευ-</em></strong></span> 
     </span>
     <span class='ocr_line' id='line_1_8' title="bbox 179 790 1873 862; baseline 0 -17"><span class='ocrx_word' id='word_1_59' title='bbox 179 793 309 862; x_wconf 85' lang='grc' dir='ltr'><strong><em>τέρα</em></strong></span> <span class='ocrx_word' id='word_1_60' title='bbox 349 791 499 861; x_wconf 82' lang='grc' dir='ltr'><strong><em>λῆξις</em></strong></span> <span class='ocrx_word' id='word_1_61' title='bbox 538 791 770 859; x_wconf 79' lang='grc' dir='ltr'><strong><em>ἀγαθῶν</em></strong></span> <span class='ocrx_word' id='word_1_62' title='bbox 809 790 1043 862; x_wconf 76' lang='grc' dir='ltr'><strong><em>ἐμπορίᾳ</em></strong></span> <span class='ocrx_word' id='word_1_63' title='bbox 1082 792 1428 860; x_wconf 81' lang='grc' dir='ltr'><strong><em>χρησάμενον</em></strong></span> <span class='ocrx_word' id='word_1_64' title='bbox 1467 793 1740 845; x_wconf 87' lang='grc' dir='ltr'><strong><em>πλούσιον</em></strong></span> <span class='ocrx_word' id='word_1_65' title='bbox 1782 790 1873 845; x_wconf 80' lang='grc' dir='ltr'><strong><em>ἐπ-</em></strong></span> 
     </span>
     <span class='ocr_line' id='line_1_9' title="bbox 181 877 1872 951; baseline 0 -17"><span class='ocrx_word' id='word_1_66' title='bbox 181 885 460 949; x_wconf 76' lang='grc' dir='ltr'><strong><em>ανελθεῖν,</em></strong></span> <span class='ocrx_word' id='word_1_67' title='bbox 501 880 606 933; x_wconf 89' lang='grc' dir='ltr'><strong><em>ἀπὸ</em></strong></span> <span class='ocrx_word' id='word_1_68' title='bbox 645 882 914 950; x_wconf 78' lang='grc' dir='ltr'><strong><em>γεωργίας</em></strong></span> <span class='ocrx_word' id='word_1_69' title='bbox 953 881 1209 951; x_wconf 81' lang='grc' dir='ltr'><strong><em>εὔπορον.</em></strong></span> <span class='ocrx_word' id='word_1_70' title='bbox 1246 882 1386 933; x_wconf 83' lang='grc' dir='ltr'><strong><em>καλά</em></strong></span> <span class='ocrx_word' id='word_1_71' title='bbox 1422 877 1526 950; x_wconf 73' lang='grc' dir='ltr'><strong><em>μὲν</em></strong></span> <span class='ocrx_word' id='word_1_72' title='bbox 1563 882 1653 934; x_wconf 81' lang='grc' dir='ltr'><strong><em>καὶ</em></strong></span> <span class='ocrx_word' id='word_1_73' title='bbox 1685 888 1872 949; x_wconf 77' lang='grc' dir='ltr'><strong><em>ταῦτα,</em></strong></span> 
     </span>
     <span class='ocr_line' id='line_1_10' title="bbox 180 967 1874 1040; baseline -0.001 -17"><span class='ocrx_word' id='word_1_74' title='bbox 180 968 289 1040; x_wconf 80' lang='grc' dir='ltr'><strong><em>ἔχει</em></strong></span> <span class='ocrx_word' id='word_1_75' title='bbox 337 967 398 1023; x_wconf 76' lang='grc' dir='ltr'><strong><em>δὲ</em></strong></span> <span class='ocrx_word' id='word_1_76' title='bbox 442 969 897 1039; x_wconf 79' lang='grc' dir='ltr'><strong><em>προηγουμένους</em></strong></span> <span class='ocrx_word' id='word_1_77' title='bbox 942 971 1070 1032; x_wconf 85' lang='grc' dir='ltr'><strong><em>τοὺς</em></strong></span> <span class='ocrx_word' id='word_1_78' title='bbox 1115 972 1336 1032; x_wconf 88' lang='grc' dir='ltr'><strong><em>πόνους.</em></strong></span> <span class='ocrx_word' id='word_1_79' title='bbox 1391 970 1481 1023; x_wconf 79' lang='grc' dir='ltr'><strong><em>καὶ</em></strong></span> <span class='ocrx_word' id='word_1_80' title='bbox 1531 972 1661 1032; x_wconf 85' lang='grc' dir='ltr'><strong><em>τοὺς</em></strong></span> <span class='ocrx_word' id='word_1_81' title='bbox 1711 983 1874 1038; x_wconf 46' lang='grc' dir='ltr'><strong><em>στραε</em></strong></span> 
     </span>
     <span class='ocr_line' id='line_1_11' title="bbox 115 1057 1874 1127; baseline -0.002 -13"><span class='ocrx_word' id='word_1_82' title='bbox 115 1082 158 1116; x_wconf 80' lang='grc' dir='ltr'><strong><em>ιο</em></strong></span> <span class='ocrx_word' id='word_1_83' title='bbox 181 1060 376 1121; x_wconf 86' lang='grc' dir='ltr'><strong><em>τιώτας</em></strong></span> <span class='ocrx_word' id='word_1_84' title='bbox 423 1059 485 1112; x_wconf 82' lang='grc' dir='ltr'><strong><em>δὲ</em></strong></span> <span class='ocrx_word' id='word_1_85' title='bbox 530 1060 660 1121; x_wconf 86' lang='grc' dir='ltr'><strong><em>τοὺς</em></strong></span> <span class='ocrx_word' id='word_1_86' title='bbox 705 1060 1009 1121; x_wconf 89' lang='grc' dir='ltr'><strong><em>πλουσιόυς</em></strong></span> <span class='ocrx_word' id='word_1_87' title='bbox 1059 1061 1327 1127; x_wconf 83' lang='grc' dir='ltr'><strong><em>ζηλοῦμεν</em></strong></span> <span class='ocrx_word' id='word_1_88' title='bbox 1373 1059 1427 1111; x_wconf 84' lang='grc' dir='ltr'><strong><em>οἱ</em></strong></span> <span class='ocrx_word' id='word_1_89' title='bbox 1471 1060 1691 1126; x_wconf 73' lang='grc' dir='ltr'><strong><em>πολλοί,</em></strong></span> <span class='ocrx_word' id='word_1_90' title='bbox 1745 1057 1874 1111; x_wconf 86' lang='grc' dir='ltr'><strong><em>ἀλλ’</em></strong></span> 
     </span>
     <span class='ocr_line' id='line_1_12' title="bbox 181 1145 1872 1216; baseline -0.001 -15"><span class='ocrx_word' id='word_1_91' title='bbox 181 1148 265 1201; x_wconf 87' lang='grc' dir='ltr'><strong><em>ὅτι</em></strong></span> <span class='ocrx_word' id='word_1_92' title='bbox 319 1167 380 1215; x_wconf 88' lang='grc' dir='ltr'><strong><em>γε</em></strong></span> <span class='ocrx_word' id='word_1_93' title='bbox 434 1148 567 1216; x_wconf 85' lang='grc' dir='ltr'><strong><em>μετὰ</em></strong></span> <span class='ocrx_word' id='word_1_94' title='bbox 606 1147 788 1216; x_wconf 83' lang='grc' dir='ltr'><strong><em>&lt;τῶν&gt;</em></strong></span> <span class='ocrx_word' id='word_1_95' title='bbox 827 1149 1015 1200; x_wconf 90' lang='grc' dir='ltr'><strong><em>πόνων</em></strong></span> <span class='ocrx_word' id='word_1_96' title='bbox 1068 1145 1159 1200; x_wconf 84' lang='grc' dir='ltr'><strong><em>καὶ</em></strong></span> <span class='ocrx_word' id='word_1_97' title='bbox 1214 1155 1326 1200; x_wconf 83' lang='grc' dir='ltr'><strong><em>τῶν</em></strong></span> <span class='ocrx_word' id='word_1_98' title='bbox 1380 1147 1566 1210; x_wconf 83' lang='grc' dir='ltr'><strong><em>ὅπλων</em></strong></span> <span class='ocrx_word' id='word_1_99' title='bbox 1617 1147 1708 1210; x_wconf 75' lang='grc' dir='ltr'><strong><em>καὶ</em></strong></span> <span class='ocrx_word' id='word_1_100' title='bbox 1762 1156 1872 1199; x_wconf 84' lang='grc' dir='ltr'><strong><em>τῶν</em></strong></span> 
     </span>
     <span class='ocr_line' id='line_1_13' title="bbox 180 1234 1873 1305; baseline -0.002 -15"><span class='ocrx_word' id='word_1_101' title='bbox 180 1239 396 1305; x_wconf 80' lang='grc' dir='ltr'><strong><em>φόνων,</em></strong></span> <span class='ocrx_word' id='word_1_102' title='bbox 452 1237 518 1290; x_wconf 89' lang='grc' dir='ltr'><strong><em>οὐ</em></strong></span> <span class='ocrx_word' id='word_1_103' title='bbox 574 1235 701 1289; x_wconf 86' lang='grc' dir='ltr'><strong><em>καθ’</em></strong></span> <span class='ocrx_word' id='word_1_104' title='bbox 762 1237 974 1305; x_wconf 80' lang='grc' dir='ltr'><strong><em>ἡδονὴν</em></strong></span> <span class='ocrx_word' id='word_1_105' title='bbox 1034 1234 1237 1305; x_wconf 80' lang='grc' dir='ltr'><strong><em>ἔμοιγε.</em></strong></span> <span class='ocrx_word' id='word_1_106' title='bbox 1273 1236 1425 1288; x_wconf 86' lang='grc' dir='ltr'><strong><em>δοκεῖ</em></strong></span> <span class='ocrx_word' id='word_1_107' title='bbox 1478 1235 1538 1288; x_wconf 91' lang='grc' dir='ltr'><strong><em>τὸ</em></strong></span> <span class='ocrx_word' id='word_1_108' title='bbox 1601 1242 1873 1288; x_wconf 88' lang='grc' dir='ltr'><strong><em>τοιοῦτον.</em></strong></span> 
     </span>
     <span class='ocr_line' id='line_1_14' title="bbox 182 1322 1873 1395; baseline -0.001 -18"><span class='ocrx_word' id='word_1_109' title='bbox 182 1326 230 1377; x_wconf 82' lang='grc'><strong><em>8.</em></strong></span> <span class='ocrx_word' id='word_1_110' title='bbox 268 1327 422 1395; x_wconf 83' lang='grc' dir='ltr'><strong><em>τρίτη</em></strong></span> <span class='ocrx_word' id='word_1_111' title='bbox 465 1325 526 1379; x_wconf 79' lang='grc' dir='ltr'><strong><em>δὲ</em></strong></span> <span class='ocrx_word' id='word_1_112' title='bbox 566 1323 717 1393; x_wconf 80' lang='grc' dir='ltr'><strong><em>λῆξις</em></strong></span> <span class='ocrx_word' id='word_1_113' title='bbox 756 1325 987 1392; x_wconf 84' lang='grc' dir='ltr'><strong><em>ἀγαθῶν</em></strong></span> <span class='ocrx_word' id='word_1_114' title='bbox 1020 1326 1074 1377; x_wconf 82' lang='grc' dir='ltr'><strong><em>αἱ</em></strong></span> <span class='ocrx_word' id='word_1_115' title='bbox 1114 1323 1299 1394; x_wconf 86' lang='grc' dir='ltr'><strong><em>τέχναι</em></strong></span> <span class='ocrx_word' id='word_1_116' title='bbox 1329 1322 1420 1376; x_wconf 82' lang='grc' dir='ltr'><strong><em>καὶ</em></strong></span> <span class='ocrx_word' id='word_1_117' title='bbox 1459 1325 1520 1377; x_wconf 91' lang='grc' dir='ltr'><strong><em>τὸ</em></strong></span> <span class='ocrx_word' id='word_1_118' title='bbox 1561 1322 1650 1375; x_wconf 86' lang='grc' dir='ltr'><strong><em>ἀπ’</em></strong></span> <span class='ocrx_word' id='word_1_119' title='bbox 1689 1324 1873 1376; x_wconf 84' lang='grc' dir='ltr'><strong><em>αὐτῶν</em></strong></span> 
     </span>
     <span class='ocr_line' id='line_1_15' title="bbox 181 1411 1871 1484; baseline -0.001 -18"><span class='ocrx_word' id='word_1_120' title='bbox 181 1414 462 1484; x_wconf 82' lang='grc' dir='ltr'><strong><em>εὐπορεῖν,</em></strong></span> <span class='ocrx_word' id='word_1_121' title='bbox 510 1411 628 1466; x_wconf 90' lang='grc' dir='ltr'><strong><em>ἀλλ’</em></strong></span> <span class='ocrx_word' id='word_1_122' title='bbox 674 1411 806 1466; x_wconf 76' lang='grc' dir='ltr'><strong><em>οὐδὲ</em></strong></span> <span class='ocrx_word' id='word_1_123' title='bbox 845 1421 1009 1466; x_wconf 89' lang='grc' dir='ltr'><strong><em>τοῦτο</em></strong></span> <span class='ocrx_word' id='word_1_124' title='bbox 1049 1412 1172 1466; x_wconf 87' lang='grc' dir='ltr'><strong><em>καθ’</em></strong></span> <span class='ocrx_word' id='word_1_125' title='bbox 1223 1413 1458 1482; x_wconf 79' lang='grc' dir='ltr'><strong><em>ἡδονήν,</em></strong></span> <span class='ocrx_word' id='word_1_126' title='bbox 1504 1412 1589 1466; x_wconf 84' lang='grc' dir='ltr'><strong><em>ὅτι</em></strong></span> <span class='ocrx_word' id='word_1_127' title='bbox 1637 1414 1703 1481; x_wconf 87' lang='grc' dir='ltr'><strong><em>δὴ</em></strong></span> <span class='ocrx_word' id='word_1_128' title='bbox 1740 1429 1871 1465; x_wconf 89' lang='grc' dir='ltr'><strong><em>παν-</em></strong></span> 
     </span>
     <span class='ocr_line' id='line_1_16' title="bbox 116 1500 1872 1572; baseline -0.003 -13"><span class='ocrx_word' id='word_1_129' title='bbox 116 1526 158 1559; x_wconf 84' lang='lat'><strong><em>15</em></strong></span> <span class='ocrx_word' id='word_1_130' title='bbox 182 1510 350 1572; x_wconf 87' lang='grc' dir='ltr'><strong><em>ταχοῦ</em></strong></span> <span class='ocrx_word' id='word_1_131' title='bbox 390 1503 455 1555; x_wconf 83' lang='grc' dir='ltr'><strong><em>τὰ</em></strong></span> <span class='ocrx_word' id='word_1_132' title='bbox 494 1511 606 1555; x_wconf 84' lang='grc' dir='ltr'><strong><em>τῶν</em></strong></span> <span class='ocrx_word' id='word_1_133' title='bbox 643 1503 831 1555; x_wconf 90' lang='grc' dir='ltr'><strong><em>πόνων</em></strong></span> <span class='ocrx_word' id='word_1_134' title='bbox 870 1501 1221 1567; x_wconf 82' lang='grc' dir='ltr'><strong><em>συνέζευκται</em></strong></span> <span class='ocrx_word' id='word_1_135' title='bbox 1266 1500 1356 1554; x_wconf 86' lang='grc' dir='ltr'><strong><em>καὶ</em></strong></span> <span class='ocrx_word' id='word_1_136' title='bbox 1402 1506 1607 1570; x_wconf 80' lang='grc' dir='ltr'><strong><em>μαθεῖν</em></strong></span> <span class='ocrx_word' id='word_1_137' title='bbox 1653 1502 1742 1554; x_wconf 88' lang='grc' dir='ltr'><strong><em>δεῖ</em></strong></span> <span class='ocrx_word' id='word_1_138' title='bbox 1781 1502 1872 1554; x_wconf 78' lang='grc' dir='ltr'><strong><em>καὶ</em></strong></span> 
     </span>
     <span class='ocr_line' id='line_1_17' title="bbox 180 1588 1872 1660; baseline -0.001 -16"><span class='ocrx_word' id='word_1_139' title='bbox 180 1593 434 1660; x_wconf 86' lang='grc' dir='ltr'><strong><em>τεχνίτην</em></strong></span> <span class='ocrx_word' id='word_1_140' title='bbox 472 1590 736 1658; x_wconf 86' lang='grc' dir='ltr'><strong><em>γενέσθαι</em></strong></span> <span class='ocrx_word' id='word_1_141' title='bbox 775 1589 865 1644; x_wconf 82' lang='grc' dir='ltr'><strong><em>καὶ</em></strong></span> <span class='ocrx_word' id='word_1_142' title='bbox 905 1588 1018 1644; x_wconf 89' lang='grc' dir='ltr'><strong><em>κατ’</em></strong></span> <span class='ocrx_word' id='word_1_143' title='bbox 1065 1590 1256 1658; x_wconf 86' lang='grc' dir='ltr'><strong><em>ὀλίγον</em></strong></span> <span class='ocrx_word' id='word_1_144' title='bbox 1295 1590 1567 1659; x_wconf 84' lang='grc' dir='ltr'><strong><em>εὐπορεῖν.-</em></strong></span> <span class='ocrx_word' id='word_1_145' title='bbox 1604 1589 1742 1642; x_wconf 80' lang='grc' dir='ltr'><strong><em>ἀλλὰ</em></strong></span> <span class='ocrx_word' id='word_1_146' title='bbox 1779 1589 1872 1643; x_wconf 69' lang='grc' dir='ltr'><strong><em>καὶ</em></strong></span> 
     </span>
    </p>
   </div>
   <div class='ocr_carea' id='block_1_3' title="bbox 180 1696 535 1704">
    <p class='ocr_par' dir='ltr' id='par_1_4' title="bbox 180 1696 535 1704">
     <span class='ocr_line' id='line_1_18' title="bbox 180 1696 535 1704; baseline 0 0"><span class='ocrx_word' id='word_1_147' title='bbox 180 1696 535 1704; x_wconf 95' lang='lat' dir='ltr'><strong><em> </em></strong></span> 
     </span>
    </p>
   </div>
   <div class='ocr_carea' id='block_1_4' title="bbox 182 1720 1870 1866">
    <p class='ocr_par' dir='ltr' id='par_1_5' title="bbox 182 1720 1870 1866">
     <span class='ocr_line' id='line_1_19' title="bbox 182 1720 1797 1808; baseline -0.002 -12"><span class='ocrx_word' id='word_1_148' title='bbox 182 1752 349 1796; x_wconf 83' lang='lat' dir='ltr'><strong><em>LaMa</em></strong></span> <span class='ocrx_word' id='word_1_149' title='bbox 398 1754 405 1807; x_wconf 89' lang='grc' dir='ltr'>Ι</span> <span class='ocrx_word' id='word_1_150' title='bbox 454 1748 482 1806; x_wconf 80' lang='grc' dir='ltr'>ἢ</span> <span class='ocrx_word' id='word_1_151' title='bbox 520 1749 734 1806; x_wconf 83' lang='grc' dir='ltr'><strong><em>πατέρων</em></strong></span> <span class='ocrx_word' id='word_1_152' title='bbox 774 1752 859 1795; x_wconf 84' lang='grc' dir='ltr'><strong><em>οὐκ</em></strong></span> <span class='ocrx_word' id='word_1_153' title='bbox 890 1720 984 1807; x_wconf 73' lang='lat' dir='ltr'>(oni</span> <span class='ocrx_word' id='word_1_154' title='bbox 1007 1751 1192 1804; x_wconf 82' lang='lat' dir='ltr'><strong><em>LaMa)</em></strong></span> <span class='ocrx_word' id='word_1_155' title='bbox 1234 1751 1349 1808; x_wconf 81' lang='grc' dir='ltr'><strong><em>ἔχων</em></strong></span> <span class='ocrx_word' id='word_1_156' title='bbox 1382 1751 1519 1808; x_wconf 77' lang='grc' dir='ltr'><strong><em>(ἔχειν</em></strong></span> <span class='ocrx_word' id='word_1_157' title='bbox 1550 1752 1655 1807; x_wconf 84' lang='grc' dir='ltr'><strong><em>Μα)</em></strong></span> <span class='ocrx_word' id='word_1_158' title='bbox 1688 1750 1797 1794; x_wconf 85' lang='lat' dir='ltr'>libri</span> 
     </span>
     <span class='ocr_line' id='line_1_20' title="bbox 182 1809 1870 1866; baseline -0.001 -12"><span class='ocrx_word' id='word_1_159' title='bbox 182 1810 436 1855; x_wconf 84' lang='lat' dir='ltr'>cancellavi</span> <span class='ocrx_word' id='word_1_160' title='bbox 466 1812 521 1854; x_wconf 72' lang='lat' dir='ltr'><strong><em>ut</em></strong></span> <span class='ocrx_word' id='word_1_161' title='bbox 551 1811 654 1854; x_wconf 75' lang='lat' dir='ltr'>orta</span> <span class='ocrx_word' id='word_1_162' title='bbox 686 1824 711 1855; x_wconf 84' lang='lat' dir='ltr'>e</span> <span class='ocrx_word' id='word_1_163' title='bbox 743 1810 920 1854; x_wconf 86' lang='lat' dir='ltr'>scholio</span> <span class='ocrx_word' id='word_1_164' title='bbox 961 1810 1011 1854; x_wconf 79' lang='grc' dir='ltr'><strong><em>ἐκ</em></strong></span> <span class='ocrx_word' id='word_1_165' title='bbox 1050 1809 1261 1864; x_wconf 83' lang='grc' dir='ltr'><strong><em>πατέρων</em></strong></span> <span class='ocrx_word' id='word_1_166' title='bbox 1302 1810 1387 1853; x_wconf 81' lang='grc' dir='ltr'><strong><em>οὐκ</em></strong></span> <span class='ocrx_word' id='word_1_167' title='bbox 1427 1809 1543 1866; x_wconf 78' lang='grc' dir='ltr'><strong><em>ἔχων</em></strong></span> <span class='ocrx_word' id='word_1_168' title='bbox 1581 1811 1635 1852; x_wconf 75' lang='lat' dir='ltr'><strong><em>ut</em></strong></span> <span class='ocrx_word' id='word_1_169' title='bbox 1666 1810 1771 1853; x_wconf 88' lang='lat' dir='ltr'>coni</span> <span class='ocrx_word' id='word_1_170' title='bbox 1804 1810 1870 1853; x_wconf 77' lang='lat' dir='ltr'><strong><em>Re</em></strong></span> 
     </span>
    </p>
   </div>
   <div class='ocr_carea' id='block_1_5' title="bbox 138 1867 1876 2988">
    <p class='ocr_par' dir='ltr' id='par_1_6' title="bbox 138 1867 1876 2988">
     <span class='ocr_line' id='line_1_21' title="bbox 181 1867 1872 1937; baseline -0.001 -23"><span class='ocrx_word' id='word_1_171' title='bbox 181 1872 222 1927; x_wconf 83' lang='lat'><strong><em>&lt;„</em></strong></span> <span class='ocrx_word' id='word_1_172' title='bbox 229 1876 312 1914; x_wconf 78' lang='lat' dir='ltr'><strong><em>aut</em></strong></span> <span class='ocrx_word' id='word_1_173' title='bbox 341 1871 533 1914; x_wconf 77' lang='lat' dir='ltr'>varians</span> <span class='ocrx_word' id='word_1_174' title='bbox 563 1871 689 1914; x_wconf 79' lang='lat' dir='ltr'>lectio</span> <span class='ocrx_word' id='word_1_175' title='bbox 720 1875 804 1914; x_wconf 77' lang='lat' dir='ltr'><strong><em>aut</em></strong></span> <span class='ocrx_word' id='word_1_176' title='bbox 832 1870 1033 1914; x_wconf 73' lang='lat' dir='ltr'><em>scholion</em></span> <span class='ocrx_word' id='word_1_177' title='bbox 1053 1875 1163 1914; x_wconf 71' lang='lat' dir='ltr'>sunt</span> <span class='ocrx_word' id='word_1_178' title='bbox 1185 1871 1276 1914; x_wconf 79' lang='lat' dir='ltr'>ista</span> <span class='ocrx_word' id='word_1_179' title='bbox 1300 1867 1328 1924; x_wconf 80' lang='grc' dir='ltr'>ἢ</span> <span class='ocrx_word' id='word_1_180' title='bbox 1353 1867 1565 1937; x_wconf 82' lang='grc' dir='ltr'><strong><em>πατέρων</em></strong></span> <span class='ocrx_word' id='word_1_181' title='bbox 1588 1869 1674 1913; x_wconf 79' lang='grc' dir='ltr'><strong><em>οὐκ</em></strong></span> <span class='ocrx_word' id='word_1_182' title='bbox 1708 1869 1756 1927; x_wconf 79' lang='grc' dir='ltr'><strong><em>έχ</em></strong></span> <span class='ocrx_word' id='word_1_183' title='bbox 1760 1886 1824 1913; x_wconf 87' lang='grc' dir='ltr'><strong><em>ων</em></strong></span> <span class='ocrx_word' id='word_1_184' title='bbox 1829 1871 1872 1926; x_wconf 86' lang='lat'><strong><em>“)</em></strong></span> 
     </span>
     <span class='ocr_line' id='line_1_22' title="bbox 302 1887 1868 1988; baseline 0 -16"><span class='ocrx_word' id='word_1_185' title='bbox 302 1934 325 1972; x_wconf 88' lang='lat'>1</span> <span class='ocrx_word' id='word_1_186' title='bbox 358 1932 548 1988; x_wconf 79' lang='grc' dir='ltr'><strong><em>πατρῷα</em></strong></span> <span class='ocrx_word' id='word_1_187' title='bbox 586 1942 670 1984; x_wconf 89' lang='lat' dir='ltr'><strong><em>pro</em></strong></span> <span class='ocrx_word' id='word_1_188' title='bbox 702 1927 913 1983; x_wconf 85' lang='grc' dir='ltr'><strong><em>πατέρων</em></strong></span> <span class='ocrx_word' id='word_1_189' title='bbox 951 1928 1247 1972; x_wconf 84' lang='lat' dir='ltr'>scribendum</span> <span class='ocrx_word' id='word_1_190' title='bbox 1282 1929 1388 1972; x_wconf 89' lang='lat' dir='ltr'>coni</span> <span class='ocrx_word' id='word_1_191' title='bbox 1419 1926 1618 1972; x_wconf 73' lang='lat' dir='ltr'>Cobetus</span> <span class='ocrx_word' id='word_1_192' title='bbox 1651 1887 1756 1972; x_wconf 79' lang='lat' dir='ltr'>coll</span> <span class='ocrx_word' id='word_1_193' title='bbox 1783 1933 1868 1972; x_wconf 85' lang='lat'><strong><em>284</em></strong></span> 
     </span>
     <span class='ocr_line' id='line_1_23' title="bbox 182 1974 1870 2062; baseline -0.001 -30"><span class='ocrx_word' id='word_1_194' title='bbox 182 1987 273 2032; x_wconf 90' lang='lat' dir='ltr'>coll</span> <span class='ocrx_word' id='word_1_195' title='bbox 297 1988 405 2031; x_wconf 89' lang='lat' dir='ltr'><strong><em>Men</em></strong></span> <span class='ocrx_word' id='word_1_196' title='bbox 428 1974 501 2030; x_wconf 94' lang='lat' dir='ltr'><strong><em>IV</em></strong></span> <span class='ocrx_word' id='word_1_197' title='bbox 509 1992 610 2041; x_wconf 82' lang='lat'>250,</span> <span class='ocrx_word' id='word_1_198' title='bbox 621 1993 677 2031; x_wconf 84' lang='lat'><strong><em>54</em></strong></span> <span class='ocrx_word' id='word_1_199' title='bbox 694 1988 742 2031; x_wconf 88' lang='lat' dir='ltr'>M</span> <span class='ocrx_word' id='word_1_200' title='bbox 767 1987 846 2045; x_wconf 85' lang='grc' dir='ltr'><strong><em>(ΠΙ</em></strong></span> <span class='ocrx_word' id='word_1_201' title='bbox 872 1992 972 2042; x_wconf 91' lang='grc'><strong><em>177</em></strong></span> <span class='ocrx_word' id='word_1_202' title='bbox 989 1991 1072 2031; x_wconf 89' lang='grc'><strong><em>581</em></strong></span> <span class='ocrx_word' id='word_1_203' title='bbox 1092 1988 1150 2044; x_wconf 91' lang='grc' dir='ltr'><strong><em>Κ)</em></strong></span> <span class='ocrx_word' id='word_1_204' title='bbox 1175 1986 1343 2062; x_wconf 77' lang='grc' dir='ltr'><strong><em>πατρςῖ’</em></strong></span> <span class='ocrx_word' id='word_1_205' title='bbox 1375 1986 1496 2044; x_wconf 78' lang='grc' dir='ltr'><strong><em>ἔχειν</em></strong></span> <span class='ocrx_word' id='word_1_206' title='bbox 1521 1988 1596 2030; x_wconf 84' lang='grc' dir='ltr'><strong><em>δεῖ</em></strong></span> <span class='ocrx_word' id='word_1_207' title='bbox 1614 1987 1697 2031; x_wconf 85' lang='grc' dir='ltr'><strong><em>τὸν</em></strong></span> <span class='ocrx_word' id='word_1_208' title='bbox 1721 1990 1870 2039; x_wconf 81' lang='grc' dir='ltr'><strong><em>καλῶς</em></strong></span> 
     </span>
     <span class='ocr_line' id='line_1_24' title="bbox 181 2044 1866 2105; baseline 0 -15"><span class='ocrx_word' id='word_1_209' title='bbox 181 2044 438 2103; x_wconf 80' lang='grc' dir='ltr'><strong><em>εὐδαίμονα</em></strong></span> <span class='ocrx_word' id='word_1_210' title='bbox 514 2045 707 2091; x_wconf 59' lang='grc' dir='ltr'><strong><em>οἰκοθεν</em></strong></span> <span class='ocrx_word' id='word_1_211' title='bbox 745 2047 831 2092; x_wconf 82' lang='grc' dir='ltr'><strong><em>οὐκ</em></strong></span> <span class='ocrx_word' id='word_1_212' title='bbox 864 2047 981 2105; x_wconf 78' lang='grc' dir='ltr'><strong><em>ἔχων</em></strong></span> <span class='ocrx_word' id='word_1_213' title='bbox 1020 2048 1071 2092; x_wconf 80' lang='grc' dir='ltr'><strong><em>ἐκ</em></strong></span> <span class='ocrx_word' id='word_1_214' title='bbox 1108 2045 1322 2102; x_wconf 85' lang='grc' dir='ltr'><strong><em>πατέρων</em></strong></span> <span class='ocrx_word' id='word_1_215' title='bbox 1361 2044 1501 2091; x_wconf 80' lang='grc' dir='ltr'><strong><em>ουδέν</em></strong></span> <span class='ocrx_word' id='word_1_216' title='bbox 1532 2046 1693 2090; x_wconf 84' lang='lat' dir='ltr'>Iacobs</span> <span class='ocrx_word' id='word_1_217' title='bbox 1725 2046 1866 2090; x_wconf 74' lang='lat' dir='ltr'>Anth.</span> 
     </span>
     <span class='ocr_line' id='line_1_25' title="bbox 180 2103 1876 2162; baseline 0.001 -13"><span class='ocrx_word' id='word_1_218' title='bbox 180 2106 280 2149; x_wconf 87' lang='lat' dir='ltr'>Pal.</span> <span class='ocrx_word' id='word_1_219' title='bbox 296 2107 359 2151; x_wconf 89' lang='grc' dir='ltr'><strong><em>ΠΙ</em></strong></span> <span class='ocrx_word' id='word_1_220' title='bbox 377 2111 460 2150; x_wconf 83' lang='grc'><strong><em>792</em></strong></span> <span class='ocrx_word' id='word_1_221' title='bbox 489 2111 495 2160; x_wconf 86' lang='grc' dir='ltr'>Ι</span> <span class='ocrx_word' id='word_1_222' title='bbox 522 2103 590 2156; x_wconf 81' lang='grc' dir='ltr'><strong><em>τίς</em></strong></span> <span class='ocrx_word' id='word_1_223' title='bbox 604 2106 736 2150; x_wconf 86' lang='lat' dir='ltr'><strong><em>HLa</em></strong></span> <span class='ocrx_word' id='word_1_224' title='bbox 856 2111 880 2149; x_wconf 80' lang='lat'><strong>2</strong></span> <span class='ocrx_word' id='word_1_225' title='bbox 906 2105 1035 2162; x_wconf 85' lang='grc' dir='ltr'><strong><em>παρὰ</em></strong></span> <span class='ocrx_word' id='word_1_226' title='bbox 1053 2107 1128 2150; x_wconf 86' lang='lat' dir='ltr'><strong><em>La</em></strong></span> <span class='ocrx_word' id='word_1_227' title='bbox 1143 2106 1226 2151; x_wconf 86' lang='lat' dir='ltr'>sed</span> <span class='ocrx_word' id='word_1_228' title='bbox 1242 2119 1267 2149; x_wconf 87' lang='lat' dir='ltr'>e</span> <span class='ocrx_word' id='word_1_229' title='bbox 1291 2106 1407 2161; x_wconf 88' lang='grc' dir='ltr'><strong><em>πρὸς</em></strong></span> <span class='ocrx_word' id='word_1_230' title='bbox 1423 2106 1568 2159; x_wconf 78' lang='lat' dir='ltr'>corrf</span> <span class='ocrx_word' id='word_1_231' title='bbox 1683 2110 1708 2148; x_wconf 86' lang='lat'><strong>3</strong></span> <span class='ocrx_word' id='word_1_232' title='bbox 1732 2103 1802 2155; x_wconf 85' lang='grc' dir='ltr'><strong><em>τίς</em></strong></span> <span class='ocrx_word' id='word_1_233' title='bbox 1818 2107 1876 2150; x_wconf 90' lang='grc' dir='ltr'>Η</span> 
     </span>
     <span class='ocr_line' id='line_1_26' title="bbox 181 2164 1868 2221; baseline -0.001 -13"><span class='ocrx_word' id='word_1_234' title='bbox 181 2165 256 2209; x_wconf 87' lang='lat' dir='ltr'><strong><em>La</em></strong></span> <span class='ocrx_word' id='word_1_235' title='bbox 377 2170 403 2208; x_wconf 85' lang='lat'>4</span> <span class='ocrx_word' id='word_1_236' title='bbox 434 2164 492 2208; x_wconf 82' lang='grc' dir='ltr'><strong><em>τὰ</em></strong></span> <span class='ocrx_word' id='word_1_237' title='bbox 524 2164 773 2209; x_wconf 85' lang='lat' dir='ltr'>delendum</span> <span class='ocrx_word' id='word_1_238' title='bbox 805 2167 962 2210; x_wconf 67' lang='lat' dir='ltr'>censet</span> <span class='ocrx_word' id='word_1_239' title='bbox 985 2165 1142 2209; x_wconf 78' lang='lat' dir='ltr'>Grasda</span> <span class='ocrx_word' id='word_1_240' title='bbox 1168 2167 1175 2221; x_wconf 82' lang='grc' dir='ltr'>Ι</span> <span class='ocrx_word' id='word_1_241' title='bbox 1201 2171 1347 2209; x_wconf 82' lang='grc' dir='ltr'><strong><em>ταῦτα</em></strong></span> <span class='ocrx_word' id='word_1_242' title='bbox 1374 2164 1451 2208; x_wconf 82' lang='lat' dir='ltr'><strong><em>VC</em></strong></span> <span class='ocrx_word' id='word_1_243' title='bbox 1472 2164 1562 2208; x_wconf 88' lang='lat' dir='ltr'><strong><em>edd</em></strong></span> <span class='ocrx_word' id='word_1_244' title='bbox 1683 2169 1709 2207; x_wconf 88' lang='lat'>5</span> <span class='ocrx_word' id='word_1_245' title='bbox 1741 2180 1868 2219; x_wconf 89' lang='grc' dir='ltr'><strong><em>παρα</em></strong></span> 
     </span>
     <span class='ocr_line' id='line_1_27' title="bbox 181 2223 1868 2282; baseline 0.002 -15"><span class='ocrx_word' id='word_1_246' title='bbox 181 2250 236 2256; x_wconf 89' lang='grc'>-</span> <span class='ocrx_word' id='word_1_247' title='bbox 263 2229 287 2267; x_wconf 87' lang='grc'><strong>6</strong></span> <span class='ocrx_word' id='word_1_248' title='bbox 323 2223 415 2268; x_wconf 80' lang='grc' dir='ltr'><strong><em>ἐστι</em></strong></span> <span class='ocrx_word' id='word_1_249' title='bbox 445 2226 500 2268; x_wconf 72' lang='lat' dir='ltr'><strong><em>ut</em></strong></span> <span class='ocrx_word' id='word_1_250' title='bbox 529 2226 690 2268; x_wconf 72' lang='lat' dir='ltr'><strong>notam</strong></span> <span class='ocrx_word' id='word_1_251' title='bbox 721 2239 749 2267; x_wconf 83' lang='lat' dir='ltr'>a</span> <span class='ocrx_word' id='word_1_252' title='bbox 780 2224 952 2269; x_wconf 75' lang='lat' dir='ltr'>lectore</span> <span class='ocrx_word' id='word_1_253' title='bbox 983 2224 1033 2267; x_wconf 91' lang='lat' dir='ltr'><strong><em>in</em></strong></span> <span class='ocrx_word' id='word_1_254' title='bbox 1063 2223 1274 2282; x_wconf 79' lang='lat' dir='ltr'>margine</span> <span class='ocrx_word' id='word_1_255' title='bbox 1305 2224 1366 2267; x_wconf 82' lang='lat' dir='ltr'><strong><em>ad</em></strong></span> <span class='ocrx_word' id='word_1_256' title='bbox 1398 2223 1638 2280; x_wconf 78' lang='lat' dir='ltr'>superiora.</span> <span class='ocrx_word' id='word_1_257' title='bbox 1666 2223 1868 2280; x_wconf 78' lang='lat' dir='ltr'><strong>positam</strong></span> 
     </span>
     <span class='ocr_line' id='line_1_28' title="bbox 182 2281 1868 2350; baseline -0.001 -23"><span class='ocrx_word' id='word_1_258' title='bbox 182 2282 439 2327; x_wconf 80' lang='lat' dir='ltr'>cancellavi</span> <span class='ocrx_word' id='word_1_259' title='bbox 471 2297 575 2326; x_wconf 88' lang='lat' dir='ltr'><strong><em>cum</em></strong></span> <span class='ocrx_word' id='word_1_260' title='bbox 619 2283 799 2327; x_wconf 74' lang='lat' dir='ltr'>Sinteni</span> <span class='ocrx_word' id='word_1_261' title='bbox 830 2284 889 2327; x_wconf 88' lang='lat' dir='ltr'><strong><em>cf.</em></strong></span> <span class='ocrx_word' id='word_1_262' title='bbox 921 2299 965 2340; x_wconf 91' lang='lat' dir='ltr'><strong><em>p.</em></strong></span> <span class='ocrx_word' id='word_1_263' title='bbox 992 2288 1092 2337; x_wconf 82' lang='grc'><strong><em>597</em></strong></span> <span class='ocrx_word' id='word_1_264' title='bbox 1110 2287 1221 2338; x_wconf 85' lang='lat' dir='ltr'>9sq.</span> <span class='ocrx_word' id='word_1_265' title='bbox 1305 2281 1434 2337; x_wconf 80' lang='grc' dir='ltr'><strong><em>παρὰ</em></strong></span> <span class='ocrx_word' id='word_1_266' title='bbox 1467 2309 1522 2315; x_wconf 91' lang='lat'><strong><em>——</em></strong></span> <span class='ocrx_word' id='word_1_267' title='bbox 1554 2281 1868 2350; x_wconf 81' lang='grc' dir='ltr'><strong><em>διαδέξασθαι</em></strong></span> 
     </span>
     <span class='ocr_line' id='line_1_29' title="bbox 179 2339 1869 2414; baseline 0 -30"><span class='ocrx_word' id='word_1_268' title='bbox 179 2342 381 2414; x_wconf 80' lang='lat' dir='ltr'>glossam</span> <span class='ocrx_word' id='word_1_269' title='bbox 415 2342 476 2385; x_wconf 85' lang='lat' dir='ltr'><strong><em>ad</em></strong></span> <span class='ocrx_word' id='word_1_270' title='bbox 499 2342 582 2386; x_wconf 91' lang='grc' dir='ltr'><strong><em>τὸν</em></strong></span> <span class='ocrx_word' id='word_1_271' title='bbox 605 2345 805 2387; x_wconf 80' lang='grc' dir='ltr'><strong><em>πλοῦτον</em></strong></span> <span class='ocrx_word' id='word_1_272' title='bbox 830 2342 951 2411; x_wconf 80' lang='grc' dir='ltr'><strong><em>ἔχειν</em></strong></span> <span class='ocrx_word' id='word_1_273' title='bbox 976 2343 1097 2386; x_wconf 79' lang='lat' dir='ltr'>dixit</span> <span class='ocrx_word' id='word_1_274' title='bbox 1118 2341 1276 2386; x_wconf 80' lang='lat' dir='ltr'>Gasda</span> <span class='ocrx_word' id='word_1_275' title='bbox 1397 2346 1421 2385; x_wconf 88' lang='grc'><strong>6</strong></span> <span class='ocrx_word' id='word_1_276' title='bbox 1457 2339 1613 2395; x_wconf 82' lang='grc' dir='ltr'><strong><em>ἑτέρου</em></strong></span> <span class='ocrx_word' id='word_1_277' title='bbox 1639 2342 1744 2385; x_wconf 91' lang='lat' dir='ltr'>coni</span> <span class='ocrx_word' id='word_1_278' title='bbox 1767 2341 1869 2384; x_wconf 84' lang='lat' dir='ltr'><strong><em>Mor</em></strong></span> 
     </span>
     <span class='ocr_line' id='line_1_30' title="bbox 299 2399 1868 2468; baseline 0 -24"><span class='ocrx_word' id='word_1_279' title='bbox 299 2405 325 2444; x_wconf 91' lang='grc'>8</span> <span class='ocrx_word' id='word_1_280' title='bbox 357 2399 385 2457; x_wconf 79' lang='grc' dir='ltr'>ἢ</span> <span class='ocrx_word' id='word_1_281' title='bbox 419 2404 528 2445; x_wconf 75' lang='lat' dir='ltr'>ante</span> <span class='ocrx_word' id='word_1_282' title='bbox 561 2401 653 2445; x_wconf 83' lang='grc' dir='ltr'><strong><em>ἀπὸ</em></strong></span> <span class='ocrx_word' id='word_1_283' title='bbox 685 2402 733 2444; x_wconf 89' lang='lat' dir='ltr'><strong><em>in</em></strong></span> <span class='ocrx_word' id='word_1_284' title='bbox 746 2415 899 2468; x_wconf 81' lang='lat' dir='ltr'>marg</span> <span class='ocrx_word' id='word_1_285' title='bbox 929 2402 1053 2445; x_wconf 88' lang='lat' dir='ltr'>inser</span> <span class='ocrx_word' id='word_1_286' title='bbox 1079 2403 1167 2446; x_wconf 88' lang='lat' dir='ltr'><strong><em>Ma</em></strong></span> <span class='ocrx_word' id='word_1_287' title='bbox 1294 2405 1319 2444; x_wconf 88' lang='lat'>9</span> <span class='ocrx_word' id='word_1_288' title='bbox 1353 2400 1402 2459; x_wconf 76' lang='grc' dir='ltr'><strong><em>ἔχ</em></strong></span> <span class='ocrx_word' id='word_1_289' title='bbox 1405 2414 1473 2444; x_wconf 87' lang='grc' dir='ltr'><strong><em>εισ</em></strong></span> <span class='ocrx_word' id='word_1_290' title='bbox 1495 2401 1716 2445; x_wconf 85' lang='lat' dir='ltr'><strong><em>HLaMa</em></strong></span> <span class='ocrx_word' id='word_1_291' title='bbox 1740 2401 1821 2444; x_wconf 84' lang='lat' dir='ltr'>sed</span> <span class='ocrx_word' id='word_1_292' title='bbox 1842 2415 1868 2444; x_wconf 90' lang='grc' dir='ltr'><strong><em>σ</em></strong></span> 
     </span>
     <span class='ocr_line' id='line_1_31' title="bbox 179 2459 1867 2516; baseline -0.001 -13"><span class='ocrx_word' id='word_1_293' title='bbox 179 2459 228 2503; x_wconf 86' lang='lat' dir='ltr'><strong><em>in</em></strong></span> <span class='ocrx_word' id='word_1_294' title='bbox 247 2461 413 2504; x_wconf 85' lang='lat' dir='ltr'><strong><em>LaMa</em></strong></span> <span class='ocrx_word' id='word_1_295' title='bbox 430 2474 531 2504; x_wconf 81' lang='lat' dir='ltr'>eras</span> <span class='ocrx_word' id='word_1_296' title='bbox 558 2462 565 2516; x_wconf 89' lang='grc' dir='ltr'>Ι</span> <span class='ocrx_word' id='word_1_297' title='bbox 593 2460 644 2505; x_wconf 79' lang='grc' dir='ltr'><strong><em>δὲ</em></strong></span> <span class='ocrx_word' id='word_1_298' title='bbox 669 2460 834 2516; x_wconf 86' lang='lat' dir='ltr'>scripsi</span> <span class='ocrx_word' id='word_1_299' title='bbox 858 2463 1047 2504; x_wconf 77' lang='lat' dir='ltr'>auctore</span> <span class='ocrx_word' id='word_1_300' title='bbox 1064 2460 1274 2504; x_wconf 76' lang='lat' dir='ltr'>Iacobsio</span> <span class='ocrx_word' id='word_1_301' title='bbox 1291 2460 1404 2503; x_wconf 64' lang='lat' dir='ltr'>Lech</span> <span class='ocrx_word' id='word_1_302' title='bbox 1420 2463 1475 2503; x_wconf 88' lang='grc'><strong><em>98</em></strong></span> <span class='ocrx_word' id='word_1_303' title='bbox 1538 2459 1624 2516; x_wconf 78' lang='grc' dir='ltr'><strong><em>γὰρ</em></strong></span> <span class='ocrx_word' id='word_1_304' title='bbox 1649 2459 1759 2502; x_wconf 88' lang='lat' dir='ltr'>libri</span> <span class='ocrx_word' id='word_1_305' title='bbox 1775 2459 1867 2503; x_wconf 86' lang='lat' dir='ltr'><strong><em>edd</em></strong></span> 
     </span>
     <span class='ocr_line' id='line_1_32' title="bbox 239 2515 1867 2586; baseline 0 -24"><span class='ocrx_word' id='word_1_306' title='bbox 239 2515 381 2586; x_wconf 76' lang='grc' dir='ltr'><strong><em>ἧσσον</em></strong></span> <span class='ocrx_word' id='word_1_307' title='bbox 420 2519 471 2563; x_wconf 83' lang='grc' dir='ltr'><strong><em>δὲ</em></strong></span> <span class='ocrx_word' id='word_1_308' title='bbox 510 2521 619 2562; x_wconf 81' lang='lat' dir='ltr'>ante</span> <span class='ocrx_word' id='word_1_309' title='bbox 659 2519 749 2576; x_wconf 76' lang='grc' dir='ltr'><strong><em>ἔχει</em></strong></span> <span class='ocrx_word' id='word_1_310' title='bbox 789 2520 876 2575; x_wconf 76' lang='grc' dir='ltr'><strong><em>γὰρ</em></strong></span> <span class='ocrx_word' id='word_1_311' title='bbox 917 2519 1143 2563; x_wconf 81' lang='lat' dir='ltr'>excidisse</span> <span class='ocrx_word' id='word_1_312' title='bbox 1180 2519 1284 2563; x_wconf 89' lang='lat' dir='ltr'>coni</span> <span class='ocrx_word' id='word_1_313' title='bbox 1316 2519 1382 2562; x_wconf 78' lang='lat' dir='ltr'><strong><em>Re</em></strong></span> <span class='ocrx_word' id='word_1_314' title='bbox 1432 2520 1439 2576; x_wconf 88' lang='grc'>1</span> <span class='ocrx_word' id='word_1_315' title='bbox 1489 2516 1867 2575; x_wconf 77' lang='grc' dir='ltr'><strong><em>προηγουμένους</em></strong></span> 
     </span>
     <span class='ocr_line' id='line_1_33' title="bbox 180 2577 1866 2634; baseline 0 -14"><span class='ocrx_word' id='word_1_316' title='bbox 180 2578 344 2634; x_wconf 82' lang='lat' dir='ltr'><strong><em>scripsi</em></strong></span> <span class='ocrx_word' id='word_1_317' title='bbox 370 2591 393 2621; x_wconf 86' lang='lat' dir='ltr'>e</span> <span class='ocrx_word' id='word_1_318' title='bbox 418 2579 493 2622; x_wconf 86' lang='lat' dir='ltr'><strong><em>La</em></strong></span> <span class='ocrx_word' id='word_1_319' title='bbox 517 2577 599 2622; x_wconf 82' lang='lat' dir='ltr'>sed.</span> <span class='ocrx_word' id='word_1_320' title='bbox 623 2594 678 2622; x_wconf 84' lang='lat' dir='ltr'><strong><em>ov</em></strong></span> <span class='ocrx_word' id='word_1_321' title='bbox 702 2578 752 2621; x_wconf 89' lang='lat' dir='ltr'><strong><em>in</em></strong></span> <span class='ocrx_word' id='word_1_322' title='bbox 774 2592 850 2622; x_wconf 82' lang='lat' dir='ltr'>ras</span> <span class='ocrx_word' id='word_1_323' title='bbox 875 2592 930 2623; x_wconf 84' lang='lat' dir='ltr'><strong><em>ex</em></strong></span> <span class='ocrx_word' id='word_1_324' title='bbox 953 2597 988 2622; x_wconf 90' lang='grc' dir='ltr'><strong><em>ω</em></strong></span> <span class='ocrx_word' id='word_1_325' title='bbox 1014 2592 1115 2622; x_wconf 87' lang='lat' dir='ltr'>corr</span> <span class='ocrx_word' id='word_1_326' title='bbox 1135 2593 1171 2631; x_wconf 83' lang='lat' dir='ltr'>s,</span> <span class='ocrx_word' id='word_1_327' title='bbox 1191 2580 1280 2622; x_wconf 89' lang='lat' dir='ltr'><strong><em>Ma</em></strong></span> <span class='ocrx_word' id='word_1_328' title='bbox 1302 2580 1356 2620; x_wconf 74' lang='lat' dir='ltr'><strong><em>ut</em></strong></span> <span class='ocrx_word' id='word_1_329' title='bbox 1380 2577 1484 2621; x_wconf 88' lang='lat' dir='ltr'>coni</span> <span class='ocrx_word' id='word_1_330' title='bbox 1509 2577 1576 2620; x_wconf 84' lang='lat' dir='ltr'><strong><em>Re</em></strong></span> <span class='ocrx_word' id='word_1_331' title='bbox 1636 2592 1866 2633; x_wconf 80' lang='grc' dir='ltr'><strong><em>προηγου-</em></strong></span> 
     </span>
     <span class='ocr_line' id='line_1_34' title="bbox 181 2635 1865 2691; baseline -0.001 -11"><span class='ocrx_word' id='word_1_332' title='bbox 181 2635 326 2691; x_wconf 87' lang='grc' dir='ltr'><strong><em>μένως</em></strong></span> <span class='ocrx_word' id='word_1_333' title='bbox 350 2638 490 2682; x_wconf 80' lang='lat' dir='ltr'><strong><em>HVG</em></strong></span> <span class='ocrx_word' id='word_1_334' title='bbox 518 2636 608 2681; x_wconf 83' lang='lat' dir='ltr'><strong><em>edd</em></strong></span> <span class='ocrx_word' id='word_1_335' title='bbox 754 2642 808 2680; x_wconf 90' lang='lat'><strong><em>10</em></strong></span> <span class='ocrx_word' id='word_1_336' title='bbox 846 2639 955 2688; x_wconf 83' lang='grc' dir='ltr'><strong><em>τοὺς</em></strong></span> <span class='ocrx_word' id='word_1_337' title='bbox 991 2637 1164 2681; x_wconf 86' lang='lat' dir='ltr'>inserui</span> <span class='ocrx_word' id='word_1_338' title='bbox 1196 2652 1220 2680; x_wconf 88' lang='lat' dir='ltr'>e</span> <span class='ocrx_word' id='word_1_339' title='bbox 1251 2636 1386 2680; x_wconf 88' lang='lat' dir='ltr'>libris</span> <span class='ocrx_word' id='word_1_340' title='bbox 1425 2650 1530 2680; x_wconf 86' lang='lat' dir='ltr'><strong><em>cum</em></strong></span> <span class='ocrx_word' id='word_1_341' title='bbox 1561 2636 1865 2680; x_wconf 82' lang='lat' dir='ltr'>Boissonadio</span> 
     </span>
     <span class='ocr_line' id='line_1_35' title="bbox 180 2694 1865 2740; baseline 0 -2"><span class='ocrx_word' id='word_1_342' title='bbox 180 2696 351 2740; x_wconf 88' lang='lat' dir='ltr'>Anecd.</span> <span class='ocrx_word' id='word_1_343' title='bbox 378 2696 419 2739; x_wconf 93' lang='lat' dir='ltr'><strong>V</strong></span> <span class='ocrx_word' id='word_1_344' title='bbox 445 2700 499 2739; x_wconf 86' lang='lat'><strong><em>15</em></strong></span> <span class='ocrx_word' id='word_1_345' title='bbox 562 2709 636 2738; x_wconf 91' lang='lat' dir='ltr'><strong><em>om</em></strong></span> <span class='ocrx_word' id='word_1_346' title='bbox 668 2695 759 2740; x_wconf 85' lang='lat' dir='ltr'><strong><em>edd</em></strong></span> <span class='ocrx_word' id='word_1_347' title='bbox 882 2702 931 2740; x_wconf 88' lang='lat'><strong><em>11</em></strong></span> <span class='ocrx_word' id='word_1_348' title='bbox 974 2704 1065 2740; x_wconf 86' lang='grc' dir='ltr'><strong><em>τῶν</em></strong></span> <span class='ocrx_word' id='word_1_349' title='bbox 1094 2696 1268 2740; x_wconf 87' lang='lat' dir='ltr'>inserui</span> <span class='ocrx_word' id='word_1_350' title='bbox 1300 2710 1404 2739; x_wconf 90' lang='lat' dir='ltr'><strong><em>cum</em></strong></span> <span class='ocrx_word' id='word_1_351' title='bbox 1436 2694 1592 2738; x_wconf 76' lang='lat' dir='ltr'>Gasda</span> <span class='ocrx_word' id='word_1_352' title='bbox 1668 2708 1743 2738; x_wconf 91' lang='lat' dir='ltr'><strong><em>om</em></strong></span> <span class='ocrx_word' id='word_1_353' title='bbox 1775 2694 1865 2738; x_wconf 88' lang='lat' dir='ltr'><strong><em>edd</em></strong></span> 
     </span>
     <span class='ocr_line' id='line_1_36' title="bbox 301 2751 1866 2810; baseline 0 -13"><span class='ocrx_word' id='word_1_354' title='bbox 301 2759 354 2797; x_wconf 81' lang='lat'><strong><em>12</em></strong></span> <span class='ocrx_word' id='word_1_355' title='bbox 393 2754 446 2798; x_wconf 88' lang='grc' dir='ltr'><strong><em>τὸ</em></strong></span> <span class='ocrx_word' id='word_1_356' title='bbox 486 2769 562 2798; x_wconf 91' lang='lat' dir='ltr'><strong><em>om</em></strong></span> <span class='ocrx_word' id='word_1_357' title='bbox 588 2756 675 2799; x_wconf 87' lang='lat' dir='ltr'><strong><em>Ma</em></strong></span> <span class='ocrx_word' id='word_1_358' title='bbox 708 2758 715 2810; x_wconf 84' lang='grc' dir='ltr'>Ι</span> <span class='ocrx_word' id='word_1_359' title='bbox 749 2761 930 2800; x_wconf 83' lang='grc' dir='ltr'><strong><em>τοιοῦτο</em></strong></span> <span class='ocrx_word' id='word_1_360' title='bbox 957 2757 1123 2800; x_wconf 85' lang='lat' dir='ltr'><strong><em>LaMa</em></strong></span> <span class='ocrx_word' id='word_1_361' title='bbox 1261 2759 1313 2797; x_wconf 88' lang='lat'><strong><em>13</em></strong></span> <span class='ocrx_word' id='word_1_362' title='bbox 1347 2751 1430 2797; x_wconf 81' lang='grc' dir='ltr'><strong><em>ἀπ’</em></strong></span> <span class='ocrx_word' id='word_1_363' title='bbox 1465 2752 1630 2809; x_wconf 79' lang='lat' dir='ltr'>scripsi</span> <span class='ocrx_word' id='word_1_364' title='bbox 1661 2767 1687 2797; x_wconf 83' lang='lat' dir='ltr'>e</span> <span class='ocrx_word' id='word_1_365' title='bbox 1712 2754 1786 2797; x_wconf 88' lang='lat' dir='ltr'><strong><em>La</em></strong></span> <span class='ocrx_word' id='word_1_366' title='bbox 1819 2756 1866 2797; x_wconf 72' lang='lat' dir='ltr'><strong><em>eb</em></strong></span> 
     </span>
     <span class='ocr_line' id='line_1_37' title="bbox 179 2811 1747 2865; baseline -0.001 -9"><span class='ocrx_word' id='word_1_367' title='bbox 179 2812 271 2856; x_wconf 80' lang='lat' dir='ltr'><strong><em>Par</em></strong></span> <span class='ocrx_word' id='word_1_368' title='bbox 303 2818 416 2857; x_wconf 82' lang='lat'>3017</span> <span class='ocrx_word' id='word_1_369' title='bbox 446 2828 550 2857; x_wconf 88' lang='lat' dir='ltr'><strong><em>cum</em></strong></span> <span class='ocrx_word' id='word_1_370' title='bbox 575 2813 878 2858; x_wconf 80' lang='lat' dir='ltr'>Boissonadio</span> <span class='ocrx_word' id='word_1_371' title='bbox 904 2814 1082 2865; x_wconf 65' lang='lat' dir='ltr'><strong><em>Anecd.&gt;</em></strong></span> <span class='ocrx_word' id='word_1_372' title='bbox 1102 2813 1145 2856; x_wconf 92' lang='lat' dir='ltr'><strong>V</strong></span> <span class='ocrx_word' id='word_1_373' title='bbox 1170 2818 1223 2856; x_wconf 83' lang='grc'><strong><em>96</em></strong></span> <span class='ocrx_word' id='word_1_374' title='bbox 1286 2811 1365 2856; x_wconf 85' lang='grc' dir='ltr'><strong><em>ὑπ’</em></strong></span> <span class='ocrx_word' id='word_1_375' title='bbox 1397 2815 1454 2857; x_wconf 88' lang='lat' dir='ltr'><strong><em>H</em></strong></span> <span class='ocrx_word' id='word_1_376' title='bbox 1459 2813 1624 2858; x_wconf 82' lang='lat' dir='ltr'><em>VOMa</em></span> <span class='ocrx_word' id='word_1_377' title='bbox 1655 2812 1747 2855; x_wconf 85' lang='lat' dir='ltr'><strong><em>edd</em></strong></span> 
     </span>
     <span class='ocr_line' id='line_1_38' title="bbox 138 2870 1804 2928; baseline -0.001 -13"><span class='ocrx_word' id='word_1_378' title='bbox 138 2898 141 2899; x_wconf 32' lang='grc' dir='ltr'><strong><em>ν</em></strong></span> <span class='ocrx_word' id='word_1_379' title='bbox 183 2876 237 2915; x_wconf 87' lang='grc'><strong><em>15</em></strong></span> <span class='ocrx_word' id='word_1_380' title='bbox 278 2873 377 2915; x_wconf 78' lang='grc' dir='ltr'><strong><em>δεῖν</em></strong></span> <span class='ocrx_word' id='word_1_381' title='bbox 402 2873 478 2915; x_wconf 87' lang='lat' dir='ltr'><strong><em>La</em></strong></span> <span class='ocrx_word' id='word_1_382' title='bbox 509 2872 590 2916; x_wconf 84' lang='lat' dir='ltr'>sed.</span> <span class='ocrx_word' id='word_1_383' title='bbox 621 2890 649 2916; x_wconf 93' lang='grc' dir='ltr'><strong><em>ν</em></strong></span> <span class='ocrx_word' id='word_1_384' title='bbox 680 2885 782 2916; x_wconf 82' lang='lat' dir='ltr'>eras</span> <span class='ocrx_word' id='word_1_385' title='bbox 904 2878 959 2917; x_wconf 87' lang='grc'><strong><em>16</em></strong></span> <span class='ocrx_word' id='word_1_386' title='bbox 992 2870 1095 2916; x_wconf 86' lang='grc' dir='ltr'><strong><em>κατ’</em></strong></span> <span class='ocrx_word' id='word_1_387' title='bbox 1132 2870 1287 2928; x_wconf 80' lang='grc' dir='ltr'><strong><em>ὀλίγον</em></strong></span> <span class='ocrx_word' id='word_1_388' title='bbox 1322 2871 1488 2928; x_wconf 87' lang='lat' dir='ltr'>scripsi</span> <span class='ocrx_word' id='word_1_389' title='bbox 1519 2872 1706 2915; x_wconf 70' lang='lat' dir='ltr'>auctore</span> <span class='ocrx_word' id='word_1_390' title='bbox 1737 2871 1804 2922; x_wconf 83' lang='lat' dir='ltr'><strong><em>Re</em></strong></span> 
     </span>
     <span class='ocr_line' id='line_1_39' title="bbox 182 2929 1315 2988; baseline 0 -14"><span class='ocrx_word' id='word_1_391' title='bbox 182 2929 301 2974; x_wconf 84' lang='grc' dir='ltr'><strong><em>κατὰ</em></strong></span> <span class='ocrx_word' id='word_1_392' title='bbox 338 2929 475 2987; x_wconf 82' lang='grc' dir='ltr'><strong><em>λόγον</em></strong></span> <span class='ocrx_word' id='word_1_393' title='bbox 517 2930 626 2974; x_wconf 84' lang='lat' dir='ltr'>libri</span> <span class='ocrx_word' id='word_1_394' title='bbox 657 2931 759 2975; x_wconf 90' lang='lat' dir='ltr'><strong><em>Mor</em></strong></span> <span class='ocrx_word' id='word_1_395' title='bbox 789 2931 858 2976; x_wconf 86' lang='lat' dir='ltr'><strong><em>Re</em></strong></span> <span class='ocrx_word' id='word_1_396' title='bbox 918 2930 1175 2988; x_wconf 81' lang='grc' dir='ltr'><strong><em>καταλόγον</em></strong></span> <span class='ocrx_word' id='word_1_397' title='bbox 1210 2931 1315 2975; x_wconf 78' lang='lat' dir='ltr'>Fert</span> 
     </span>
    </p>
   </div>
  </div>
 </body>
</html>
