2010 3168
199 109 313 162 608
674 109 901 154 LIBANII
928 109 1318 156 DECLAMATIO
1349 110 1499 155 XXIX

197 241 252 297 δ’
300 243 441 311 ἐμοὶ
495 254 623 297 τῶν
677 244 934 298 ἐκείνου
987 244 1191 313 με’λει;
1245 244 1337 298 καὶ
1384 249 1632 315 μονονοὺ
1683 248 1894 316 πληγὰς

199 331 448 396 ἐντείνας
487 333 752 402 ἀπῆλθεν.

313 422 400 474 27.
432 420 571 490 Ἐγὼ
613 419 674 475 δὲ
711 421 929 493 μετῄειν
966 424 1065 476 τὸν
1102 425 1379 493 τρόφιμον
1425 421 1518 476 καὶ
1564 425 1630 477 τὰ
1677 422 1892 478 ἐκείνου

200 511 642 579 μεταβάλλεσθαι
675 509 867 578 ἠξίουν
896 514 1112 565 πείθων
1145 520 1475 581 σωφρονεῖν,
1508 511 1669 566 ὁπότε
1700 511 1891 579 ὀλίγον

147 620 174 652 5
200 599 394 667 ῥαΐσας
424 596 494 668 ἧν
526 598 586 652 ἐν
618 598 831 652 ἑαυτοῦ.
873 599 946 663 ὡς
978 597 1039 653 δὲ
1070 598 1161 654 καὶ
1202 601 1463 669 δεύτερον
1493 603 1890 671 προσοιμώζειν

199 689 349 756 ἔλεγε
387 687 479 741 καὶ
517 689 708 757 τρίτον
745 691 1049 759 προσιόντα
1097 693 1342 758 χαλεπῶς
1389 687 1555 759 ἑώρα,
1602 689 1704 744 οὐκ
1748 687 1891 759 ἔχων

199 777 266 845 δὴ
306 779 363 829 τί
389 779 672 847 χρήσωμαι
705 777 918 850 ε’μαυτςό
949 779 1089 848 πρὸς
1119 778 1260 846 ὑμᾶς
1291 777 1587 847 ἀπήντηκα.
1627 777 1768 848 μηδέ
1795 799 1890 848 μοι

197 864 397 934 λεγέτω
436 882 539 929 τις·
587 865 677 935 ἐφ’
722 865 972 935 ἑτέροις
1011 867 1044 935 ἡ
1093 869 1541 937 προσαγγελία
1586 866 1712 936 μηδ’
1759 867 1889 935 ἐρω-

196 955 336 1007 τάτω
376 975 482 1024 τις,
522 957 581 1008 τί
615 954 885 1008 πέπονθα.
931 954 1189 1009 πέπονθα
1234 956 1339 1026 γὰρ
1388 955 1422 1009 ἃ
1461 954 1647 1019 οὐδεὶς
1691 955 1888 1025 ἔτερος.

122 1064 173 1096 10
198 1042 512 1096 ἐκπέπτωκα
538 1051 635 1112 τῆς
657 1045 894 1113 μεγάλης
925 1043 1134 1112 ἐκείνης
1165 1045 1537 1113 εὐδαιμονίας,
1560 1051 1654 1114 τῆς
1683 1047 1889 1112 πολλῆς

197 1131 563 1201 ἀπεστέρημαι
593 1141 824 1202 τρυφῆς,
865 1141 964 1186 τοῦ
997 1131 1204 1205 ῥᾴστου
1236 1134 1363 1202 βίου
1394 1131 1488 1186 καὶ
1518 1134 1656 1200 πρὸς
1685 1133 1889 1202 ἡδονῆς

197 1221 430 1290 μάλιστα
469 1221 604 1291 ἐμοί.
659 1222 744 1274 28.
787 1220 973 1285 οὐδεὶς
1012 1222 1438 1291 φιλάνθρωπος,
1483 1220 1666 1283 οὐδεὶς
1705 1220 1889 1291 ἕτερος

196 1318 446 1373 τοιοῦτος
485 1304 601 1373 οἷος
640 1310 849 1373 ἐκεῖνος
884 1312 1024 1381 πρός
1055 1330 1134 1377 με.
1175 1319 1283 1379 φεῦ
1315 1319 1410 1380 τῆς
1440 1314 1742 1379 μεταβολῆς
1781 1309 1886 1362 ἀπὸ

194 1407 290 1467 τῆς
326 1403 643 1468 πλησμονῆς
681 1398 907 1469 ἐκείνης,
947 1399 1052 1452 ἀπὸ
1092 1408 1188 1468 τῆς
1225 1399 1412 1469 μέθης.
1453 1399 1482 1452 ὁ
1521 1401 1652 1461 τοὺς
1691 1396 1885 1466 στεφά-

97 1491 226 1536 RIV
243 1497 328 1536 226
377 1508 511 1550 νους
533 1491 923 1558 περικείμενος,
941 1487 970 1542 ὁ
993 1489 1092 1541 τὸν
1117 1490 1355 1558 ἄκρατον
1383 1486 1387 1559 Ι
1414 1491 1595 1541 πίνων
1618 1489 1695 1550 εἰς
1717 1489 1886 1557 κόρον

129 1598 170 1630 16
195 1576 286 1629 καὶ
324 1579 611 1646 προπίνων
651 1575 856 1647 ἑτέροις
896 1577 1084 1646 ἐνδεὴς
1123 1586 1234 1630 τῶν
1274 1577 1590 1646 ἀναγκαίων
1632 1579 1756 1645 εἰμί.
1795 1576 1884 1628 καὶ

195 1666 598 1734 καταλαμβάνει
629 1686 696 1733 με
727 1666 760 1733 ἡ
794 1665 1036 1734 νὺξ·τ,ὴν
1075 1667 1318 1718 παλαιὰν
1349 1666 1570 1735 τρυφὴν
1600 1665 1884 1733 ὀνειροπο-

196 1758 417 1822 λοῦντα,
441 1755 687 1824 κατηφὴς
710 1754 773 1808 δὲ
795 1753 921 1823 <καὶ
946 1752 1119 1823 ἡμέρα
1145 1755 1272 1823 καὶ)
1298 1753 1498 1822 ἑσπέρα
1521 1752 1612 1807 καὶ
1637 1752 1752 1817 νύξ.
1777 1753 1882 1806 κᾶν

313 1934 338 1971 2
370 1929 501 1973 Dem.
525 1945 572 1986 p.
599 1934 728 1985 1258,
747 1935 786 1973 2.
819 1929 932 1974 Xen.
961 1929 1094 1973 anab.
1121 1929 1163 1971 II
1188 1933 1229 1984 4,
1249 1934 1300 1972 11
1440 1934 1465 1971 5
1499 1928 1557 1972 cf.
1582 1929 1616 1971 12.
1640 1928 1661 1970 1
1688 1932 1785 1983 101,
1806 1932 1881 1981 163

186 1987 224 2032 fi.
250 1988 315 2032 IV
339 1993 421 2032 671
460 1993 511 2032 11
531 1988 571 2031 R
695 1995 746 2032 11
781 1989 839 2032 cf.
871 1991 903 2032 t.
931 1989 972 2033 V
996 1993 1096 2044 535,
1116 1993 1140 2032 9

314 2156 336 2194 1
371 2149 516 2208 μόνον
548 2152 602 2195 οὐ
628 2153 721 2197 ΗΟ
861 2157 886 2195 3
917 2151 1002 2203 τὰς
1025 2152 1099 2196 La
1242 2157 1269 2195 4
1301 2148 1463 2207 ἠξίουν
1495 2149 1660 2206 scripsi
1693 2151 1881 2194 auctore

188 2209 349 2254 Gasda
410 2211 554 2263 ἀξιῶν
585 2210 695 2254 libri
719 2211 813 2255 edd
933 2216 958 2254 5
994 2211 1043 2255 ἐν
1069 2210 1233 2266 scripsi
1259 2212 1447 2254 auctore
1472 2208 1644 2253 Cobeto
1671 2208 1771 2252 Coll
1795 2212 1879 2252 205

192 2269 310 2312 Misc
330 2273 412 2312 146
535 2275 560 2312 6
595 2269 744 2326 ἔλεγεν
762 2271 837 2314 La
864 2271 909 2326 Ι,
914 2272 991 2325 ‚sic
1014 2270 1247 2326 distinyuo
1271 2275 1311 2314 et
1335 2271 1452 2327 leyo:
1476 2269 1596 2325 ἔλεγε
1621 2268 1701 2311 καὶ
1722 2265 1880 2323 τρίτον

191 2329 273 2372 καὶ
302 2326 587 2383 προσιόντα“
619 2329 687 2372 Re
722 2329 728 2386 Ι
770 2332 980 2386 χαλεπῶσ
1012 2330 1087 2373 La
1118 2329 1199 2372 sed
1232 2341 1256 2371 6
1288 2329 1382 2372 add
1412 2343 1446 2372 ‘n
1568 2333 1591 2370 7
1625 2326 1682 2383 δὴ
1715 2326 1880 2383 scripsi

252 2387 304 2431 δὲ
328 2389 432 2432 HV
489 2387 541 2432 δὲ
573 2387 630 2444 δὴ
659 2389 828 2433 LaMa
888 2388 975 2444 ἐγὼ
1003 2388 1040 2431 G
1068 2388 1159 2431 edd
1187 2389 1192 2442 Ι
1220 2387 1458 2444 χρήσωμαι
1489 2386 1654 2443 scripsi
1714 2385 1878 2444 χρήσο-

186 2462 276 2502 μαι
305 2446 414 2490 libri
447 2447 536 2490 edd
579 2450 586 2502 Ι
602 2404 811 2504 ηέμαυτῷ
844 2447 1010 2520 scripsi
1043 2460 1067 2490 e
1093 2447 1261 2490 LaMa
1290 2446 1373 2490 sed.
1404 2445 1453 2489 in
1482 2446 1570 2489 hoc
1602 2462 1633 2501 μ
1665 2457 1880 2500 suprascr

191 2505 261 2548 m*
322 2504 470 2579 ἑαυτῷ
488 2508 544 2550 Η
551 2506 629 2550 VC
657 2505 748 2549 edd
798 2509 804 2562 Ι
853 2506 914 2562 μὴ
947 2503 997 2550 δε
1023 2507 1082 2550 Η
1106 2505 1217 2548 Feri·
1276 2505 1336 2562 μὴ
1369 2505 1428 2562 δὴ
1452 2506 1620 2549 LaMa
1754 2509 1778 2547 8
1810 2501 1880 2555 τίς

192 2565 251 2608 Η
270 2563 276 2622 Ι
304 2563 363 2620 μὴ
397 2563 443 2608 δ’
471 2565 525 2607 Η
554 2565 664 2608 Ferr
785 2570 810 2608 9
842 2563 912 2615 τίς
934 2566 1062 2609 HLa
1104 2566 1110 2620 Ι
1154 2563 1306 2619 ἔτερος
1335 2564 1509 2608 inserui
1542 2577 1567 2608 e
1590 2565 1757 2608 LaMa
1787 2562 1878 2605 Par

187 2627 306 2666 3017
332 2637 438 2667 cum
461 2623 766 2668 Boissonadio
789 2624 963 2668 Anecd.
989 2623 1030 2666 V
1054 2627 1139 2666 422
1203 2636 1277 2666 om
1302 2623 1358 2666 H
1365 2624 1443 2668 VO
1470 2622 1561 2666 edd
1683 2627 1734 2665 11
1770 2621 1877 2677 ἡδο-

193 2681 279 2737 νὴν
304 2682 414 2725 Ferr
437 2682 539 2726 Mor
660 2688 713 2726 12
747 2682 883 2742 ἑτέρφ
908 2683 1011 2726 coni
1035 2681 1136 2726 Mor
1258 2686 1310 2724 17
1345 2697 1398 2738 με
1430 2681 1594 2737 scripsi
1655 2681 1737 2737 μὲν
1768 2679 1878 2723 libri

185 2741 283 2784 -edd
427 2746 481 2784 18
526 2729 914 2795 ὀνειροπολοῦντα
953 2740 1119 2797 scripsi
1151 2754 1255 2784 cum
1287 2739 1442 2784 Gasda
1519 2739 1877 2795 ὀνειροπολοῦσα

192 2800 334 2845 HVG'
361 2801 451 2843 edd
526 2800 916 2855 ὀνειροπολοῦσαν
942 2802 1032 2844 Μα
1063 2800 1145 2843 sed
1175 2799 1226 2842 111
1257 2798 1643 2855 ὀνειροπολοῦντα
1676 2812 1777 2842 corr
1806 2797 1877 2840 m²

251 2858 589 2914 ὠνειροπόλουν
621 2862 697 2904 La
739 2859 820 2903 sed
859 2859 909 2902 111
953 2858 1342 2914 ὀνειροπολοῦντα
1381 2872 1481 2901 corr
1510 2873 1543 2901 ‘n
1592 2860 1598 2914 Ι
1647 2858 1726 2901 καὶ
1766 2858 1875 2900 ante

186 2918 404 2974 ’κατηφὴς
426 2919 502 2963 La
535 2921 542 2975 Ι
581 2920 661 2962 καὶ
692 2917 839 2975 ἡμέρα
871 2918 951 2962 καὶ
982 2917 1157 2961 inserui
1190 2919 1377 2961 auctore
1409 2917 1477 2961 Re
1539 2931 1613 2960 om
1643 2916 1753 2960 libri
1785 2915 1875 2960 edd
