2010 3168
537 80 869 126 INVECTIVA
899 80 966 124 IN
996 79 1347 124 AESCHINEM
1676 79 1786 131 217

95 219 315 287 γνέσθω
357 218 417 271 δὲ
456 217 858 284 ἀντιλεγόντων
882 214 1213 284 Ἀθηναίων.
1254 215 1478 268 κτάσθω
1512 212 1613 283 μὲν
1653 213 1787 267 ἐκεῖ-

94 328 191 370 νος
231 306 412 375 δόξαν,
452 307 605 374 ἡμεῖς
645 306 706 358 δὲ
744 305 877 374 ἡμῖν
917 304 1106 367 αὐτοῖς
1144 305 1244 372 τὴν
1285 299 1461 356 οὖσαν
1500 303 1788 372 φυλάττω-

94 417 209 465 μεν.
248 395 277 448 6
316 392 417 464 μὲν
454 395 556 463 τὴν
593 396 836 447 πυλαίαν
874 391 1367 463 προσλαμβανέτω,
1415 394 1476 445 τὸ
1527 389 1588 445 δὲ
1633 391 1787 445 ἀκόν-

94 505 206 538 των
234 481 550 552 Ἀθηναίων
590 482 895 551 φαινέσθω.
957 482 1045 535 46.
1085 483 1158 551 μὴ
1205 484 1352 534 ποίει
1402 482 1580 550 δῆμον
1619 477 1787 533 οὐδὲν

94 573 310 626 ἐοικότα
352 575 646 634 Θετταλοῖς
689 575 973 624 Θετταλῶν
1015 571 1255 639 ζηλωτὴν
1294 567 1431 637 μηδὲ
1477 571 1620 622 πολὺ
1670 570 1787 622 δια-
1836 590 1858 622 ⁵

95 661 336 731 φέροντα
372 662 632 729 Θηβαίων
667 663 928 729 Θηβαίων
958 661 1210 729 μιμητήν.
1243 660 1556 727 χαρίζονται
1590 658 1788 711 ἐκεῖνοι

94 751 371 821 βαρβάρῳ.
411 753 469 802 τί
502 751 853 818 θαυμαστόν;
898 748 1150 814 πατέρων
1197 747 1576 801 ἀκολουθοῦσι
1617 766 1788 815 παρα-

95 841 363 908 δείγμασι.
415 839 547 907 μετὰ
601 846 731 907 γῆν,
786 836 910 907 μεθ’
965 837 1145 907 ὕδωρ,
1184 835 1295 906 μετ’
1352 836 1598 906 ἀπαρχὰς
1661 837 1790 889 δου-

95 929 243 990 λείας
287 928 390 996 τὴν
437 928 680 979 πυλαίαν
703 927 1165 995 ,προπεπώκασιν
1216 925 1349 994 ἡμῖν
1397 925 1459 978 δὲ
1498 924 1600 978 οὐκ
1638 921 1791 977 ἔστιν

95 1016 456 1086 ἀναχώρησις,
497 1015 563 1068 οὐ
603 1016 707 1084 γὰρ
748 1015 914 1068 ἐῶσιν
953 1016 1011 1068 οἱ
1044 1011 1184 1083 ὑπὲρ
1224 1022 1323 1068 τοῦ
1344 1014 1527 1067 ’καλοῦ
1559 1015 1788 1080 πόλεμοι
1814 1035 1861 1066 10

94 1105 185 1159 καὶ
225 1106 457 1171 τρόπαια
496 1106 563 1158 τὰ
601 1101 702 1174 μὲν
742 1103 803 1157 ἐν
841 1112 928 1174 γῇ,
979 1105 984 1173 Ι
1041 1104 1107 1156 τὰ
1149 1102 1198 1156 δ’
1245 1102 1307 1157 ἐν
1344 1103 1610 1172 θαλάττῃ,
1657 1106 1778 1150 RIII
1794 1113 1884 1151 416

95 1195 162 1248 τὰ
216 1191 318 1263 μὲν
368 1199 536 1262 οἴκοι,
590 1194 657 1246 τὰ
704 1191 753 1246 δ’
804 1192 864 1246 ἐν
909 1201 974 1263 τῇ
1021 1193 1306 1263 ὑπερορίᾳ.
1362 1192 1464 1245 οὐκ
1519 1192 1581 1263 ἐᾷ
1619 1197 1792 1253 Δᾶτις

97 1280 228 1336 οὐδὲ
281 1282 487 1351 Ξέρξης
542 1279 673 1335 οὐδὲ
726 1283 1054 1350 Μαρδόνιος
1109 1278 1241 1335 οὐδὲ
1294 1282 1605 1343 Μασίστιος
1660 1277 1792 1334 οὐδὲ

99 1372 128 1426 6
177 1373 378 1442 δίφρος
433 1369 552 1424 οὐδ’
606 1369 635 1423 6
684 1370 946 1439 ἀκινάκης
999 1367 1132 1423 οὐδὲ
1178 1371 1409 1441 Κύπρος
1456 1367 1589 1423 οὐδὲ
1637 1374 1792 1436 Παμ-

100 1464 285 1531 φυλία.
339 1461 400 1513 τὸ
448 1460 551 1529 γὰρ
599 1457 654 1522 ἐξ
703 1459 935 1527 ἀγαθῶν
980 1458 1287 1528 πεφυκέναι
1340 1460 1554 1528 πολλὴν
1608 1460 1685 1521 εἰς
1730 1459 1791 1511 τὸ
1818 1482 1866 1515 15

99 1550 199 1618 τὴν
262 1549 463 1619 ἀρετὴν
526 1547 871 1616 ἐπιτηδεύειν
933 1548 1178 1616 ἀνάγκην
1240 1551 1354 1617 ἔχοι
1417 1549 1498 1600 ἄν.
1569 1548 1655 1599 47.
1703 1545 1792 1599 καὶ

222 1759 244 1796 7
271 1753 401 1799 Dem.
419 1769 464 1810 p.
485 1758 618 1810 119,7
649 1754 654 1811 Ι
682 1753 893 1797 Her.V11
912 1758 995 1797 132
1117 1758 1143 1798 8
1169 1753 1278 1797 Her.
1295 1752 1380 1797 V11
1400 1757 1483 1796 130
1608 1758 1661 1798 13
1687 1753 1798 1797 Her..

102 1812 164 1856 IX
182 1817 238 1856 20
363 1818 418 1857 14
442 1813 573 1857 Dem.
591 1812 789 1857 Timocr.
806 1828 852 1869 p.
873 1817 1022 1868 741‚6.
1051 1812 1202 1857 Schol.
1219 1812 1350 1856 Dem.
1369 1826 1431 1856 or.
1452 1816 1560 1866 3,25
1578 1827 1622 1869 p.
1643 1817 1712 1867 35,
1726 1817 1794 1856 17.

102 1871 325 1928 Harpocr.
361 1874 409 1916 et
441 1872 567 1916 Suid.
602 1887 636 1915 s.
662 1887 701 1916 v.
731 1870 1029 1928 ἀργυρόπους
1060 1870 1241 1928 δίφρος.
1275 1871 1410 1915 Paus.
1436 1871 1544 1925 127,
1563 1877 1585 1916 1
1616 1874 1622 1928 Ι
1650 1872 1798 1916 Thuc.

102 1931 123 1974 Ι
147 1936 218 1986 94,
237 1937 259 1974 1
289 1933 295 1988 Ι
325 1931 381 1975 cf.
414 1947 459 1988 p.
489 1936 588 1986 181,
607 1936 645 1975 3.
679 1931 824 1976 Thuc.
847 1931 869 1974 I
894 1935 993 1986 100,
1013 1937 1036 1975 1
1162 1937 1216 1975 16
1250 1930 1308 1975 cf.
1341 1933 1374 1975 t.
1400 1931 1443 1974 ΙΙ
1472 1935 1571 1985 390,
1589 1937 1617 1974 4

221 2130 250 2167 4
281 2124 427 2181 μηδὲν
457 2125 552 2169 Ath
777 2122 886 2181 ἡδὲ
912 2124 1046 2169 ΡΜα
1174 2129 1199 2167 6
1237 2121 1529 2181 Θηβαίων(2)
1563 2137 1638 2167 om
1663 2125 1802 2168 PMa

226 2189 249 2226 7
284 2182 505 2242 βαρβάρῳ
537 2183 725 2240 reposui
741 2141 946 2226 0711111110
1008 2182 1262 2241 βαρβάροις
1286 2182 1377 2226 edd
1499 2187 1525 2226 8
1557 2182 1670 2239 μετὰ
1694 2188 1797 2240 γῆν,

106 2239 217 2298 μεθ’
252 2241 377 2297 ὕδωρ
401 2242 589 2299 reposui
621 2255 646 2286 0
676 2242 808 2286 libris
835 2256 938 2285 cum
963 2242 1175 2286 Iacobsio
1199 2242 1307 2285 Add
1332 2246 1417 2286 218
1442 2242 1547 2298 App
1572 2243 1684 2286 Pors
1711 2245 1800 2285 323

105 2302 218 2375 Lecf,
241 2307 325 2344 216
358 2301 456 2346 Rev
480 2306 567 2345 426
614 2301 766 2358 collp
771 2306 908 2356 .229‚
928 2306 982 2344 14
1058 2301 1171 2358 μετὰ
1203 2301 1287 2358 τὴν
1318 2298 1430 2357 μεθ’
1464 2302 1593 2358 ὑμῶν
1632 2301 1721 2345 edd

105 2359 219 2417 μετὰ
255 2358 339 2405 τὸν
377 2360 608 2417 μηδισμὸν
644 2317 837 2405 Weipske
876 2361 907 2404 11
909 2360 1056 2417 yperb
1089 2361 1209 2404 1133
1287 2359 1400 2416 μετὰ
1438 2359 1522 2416 τὴν
1553 2361 1802 2414 Μεθώνην

107 2418 252 2464 Cobet
279 2418 379 2463 Coll
404 2424 488 2463 272
517 2421 523 2476 Ι
551 2417 648 2475 μετ’
678 2420 843 2477 scripsi
905 2418 1016 2476 μετὰ
1041 2419 1150 2463 libri
1174 2419 1265 2464 edd
1294 2425 1299 2475 Ι
1327 2419 1440 2476 μετὰ
1465 2419 1548 2470 τὰς
1571 2418 1798 2476 Παγασὰς

109 2477 254 2523 Cobet
382 2483 437 2522 10
467 2479 760 2536 ἀναχώρησις
791 2479 955 2535 scripsi
987 2481 1176 2523 auctore
1210 2479 1277 2523 Re
1338 2477 1656 2536 ἀναχωρήσειν
1689 2477 1798 2521 libri

107 2538 199 2580 cdd
320 2542 372 2581 11
408 2538 458 2582 δὲ
486 2540 574 2582 Μα
696 2543 748 2582 12
782 2537 885 2596 μὲν]
911 2537 964 2583 δὲ
991 2540 1079 2583 Μα
1106 2542 1112 2594 Ι
1140 2537 1197 2581 τά
1229 2535 1274 2582 δ’
1306 2538 1395 2582 Μα
1423 2540 1428 2594 Ι
1455 2544 1511 2595 τῇ
1542 2537 1718 2581 inserui
1742 2550 1800 2580 ex

108 2598 295 2642 AthMa
325 2596 417 2641 coll
446 2598 478 2640 t
505 2597 526 2640 I
550 2601 746 2651 522,19,
778 2597 819 2641 V
845 2602 946 2651 261,
963 2602 989 2641 8
1053 2611 1128 2641 0111
1153 2599 1200 2642 P
1227 2597 1318 2640 edd
1353 2599 1359 2653 Ι
1399 2601 1545 2648 Δᾶτις
1575 2595 1740 2652 scripsi
1772 2610 1799 2639 0

109 2657 156 2700 P
211 2655 342 2706 δάτις
365 2657 551 2700 AthMa
574 2655 666 2699 edd
789 2661 843 2700 14
876 2655 899 2700 6
932 2653 1102 2712 δίφρος
1133 2656 1298 2712 scripsi
1360 2655 1506 2711 ὄθρος
1536 2655 1644 2699 libri
1670 2655 1757 2699 edd
1788 2655 1793 2713 Ι

109 2714 337 2788 ἀκινάκης
367 2715 532 2771 scripsi
557 2728 581 2758 0
608 2716 696 2759 Μα
757 2716 971 2765 ἀκιναῖος
994 2717 1088 2760 Ath
1119 2716 1211 2759 edd
1271 2713 1568 2765 ἀκιναίοιςΡ
1588 2715 1670 2758 sed
1697 2715 1799 2758 ἀκι·

111 2772 257 2829 νάκης
289 2774 339 2817 111
370 2787 504 2831 marg
626 2778 679 2817 16
710 2773 795 2830 τὴν
827 2774 992 2830 scripsi
1023 2777 1213 2818 auct-ore
1244 2774 1312 2818 Re
1375 2777 1474 2818 δεῖν
1506 2768 1615 2817 libri
1647 2773 1739 2816 edd

110 2832 184 2876 ἀεὶ
213 2833 376 2876 Iacobs
407 2833 521 2876 Lect
552 2837 638 2876 215
670 2833 768 2876 Rev
799 2838 884 2876 426
935 2835 941 2890 Ι
991 2832 1202 2890 ἀνάγκην
1234 2833 1399 2889 scripsi
1467 2831 1551 2888 τὴν
1587 2832 1799 2888 ἀνάγκην

110 2889 220 2934 libri
280 2891 366 2947 τὴν
404 2890 624 2948 ἀφορμὴν
655 2891 758 2935 Mor
817 2891 1036 2948 ἀφορμὴν
1060 2892 1129 2936 Re
