2010 3168
507 79 972 130 ATHENIENSIUM
1004 85 1302 130 DEFENSIO
1688 84 1756 137 79

62 227 313 293 θρώποις
349 222 440 277 καὶ
480 223 634 291 ἡμεῖς
671 224 951 291 κρείττους
991 220 1203 274 ἑαυτῶν
1241 222 1330 273 καὶ
1364 223 1579 290 μείζους
1616 220 1759 288 ἐφιέ-

62 321 208 382 μεθα
245 317 519 382 γίνεσθαι.
558 312 645 364 47.
686 310 715 364 ὃ
755 308 815 364 δὲ
855 311 1000 379 ὅμως
1038 310 1140 362 κάν
1179 317 1254 382 τῷ
1286 310 1518 381 τοιούτῳ
1551 314 1757 378 παρηλ-

64 402 337 472 λαγμένον
378 402 508 471 ἡμῖν
545 399 634 453 καὶ
675 401 742 454 οὐ
783 398 980 471 ῥᾴδιον
1016 400 1165 468 παρά
1202 412 1351 452 τισιν
1383 400 1572 461 ἄλλοις
1603 419 1756 451 κατα-

62 501 276 560 νοῆσαι,
301 491 383 544 ὅτι
407 499 520 543 τῶν
543 490 644 558 μὲν
668 491 852 541 ἄλλων
876 488 1138 542 ἁπάντων
1160 488 1433 557 μηδεμίαν
1459 489 1677 540 οἰκείων
1702 507 1758 541 τε

63 579 153 634 καὶ
190 581 495 648 ἀλλοτρίων
535 579 766 631 εἰδότων
805 578 1085 647 διαφορὰν
1122 577 1260 630 κατὰ
1289 585 1472 643 τοῦτο,
1513 575 1632 630 ἀλλ’
1670 575 1749 629 ἐπ’

63 670 184 738 ἴσης
221 670 323 738 τὴν
362 667 575 722 ἑαυτῶν
613 665 866 720 ἐπίδοσιν
904 665 959 730 ἐξ
998 666 1259 718 ἁπάντων
1287 660 1550 733 γίνεσθαι
1589 681 1757 719 σπου-

63 760 341 824 δαζόντων
379 757 511 825 ἡμῖν
560 756 660 824 οὐχ
708 755 853 808 οὕτω
898 756 1336 825 πραγματεύεται
1386 763 1565 808 τοῦτο.
1620 755 1759 808 ἀλλὰ

62 848 123 901 τὸ
155 844 257 916 μὲν
280 845 607 914 Ἑλληνικὸν
638 845 784 897 ἅπαν
816 843 977 911 γένος
1007 843 1306 913 ἀγαπῶμεν
1334 846 1423 896 καὶ
1458 843 1758 913 στέργομεν

63 935 152 990 καὶ
194 933 517 1004 βουλοίμεθ’
555 932 626 986 ἂν
656 941 767 986 πᾶν
800 933 1018 1001 ἀγαθὸν
1050 933 1239 996 αὐτοῖς
1269 933 1533 1001 γενέσθαι
1565 936 1660 986 καί
1698 953 1758 1001 γε

63 1026 199 1079 ὅσον
230 1025 491 1077 πλεῖστόν
531 1022 646 1076 ἐστι
678 1024 816 1091 πρὸς
847 1022 1052 1085 αὐτοὺς
1084 1022 1344 1093 ἐπιεικείᾳ
1375 1024 1636 1092 χρώμεθα
1667 1023 1758 1075 καὶ

64 1115 319 1183 ἰσονομίᾳ
370 1113 753 1181 ὑπερορῶντες
800 1110 892 1165 καὶ
944 1118 1043 1164 τοῦ
1097 1111 1481 1180 συμφέροντος
1528 1111 1757 1177 ἑαυτῶν,

64 1209 215 1268 εἴπερ
247 1210 447 1264 κοινῶς
477 1208 641 1254 τοῦτο
673 1209 790 1262 τοῖς
821 1208 955 1253 πᾶσι
989 1199 1172 1269 μέλλει
1206 1202 1511 1254 συνοίσειν·
1551 1201 1756 1267 βαρβά-

65 1311 199 1359 ρους
223 1288 284 1343 δὲ
308 1298 579 1359 μισοῦμεν
605 1289 684 1342 ἀεὶ
714 1288 802 1343 καὶ
831 1294 1183 1359 πολεμοῦμεν
1213 1288 1304 1342 καὶ
1330 1295 1758 1358 φιλονεικοῦμεν

65 1379 122 1433 ἐκ
146 1388 257 1432 τῶν
282 1379 441 1432 ἰδίων
473 1377 705 1441 ἐκείνοις
728 1379 1062 1447 πραγμάτων
1086 1378 1513 1447 ὀνομαστότεροι
1547 1377 1759 1431 ἑαυτῶν

65 1476 308 1538 φανῆναι
348 1466 438 1520 καὶ
478 1466 949 1536 περιφανέστεροι.
989 1467 1076 1520 48.
1108 1468 1213 1520 κᾶν
1246 1468 1385 1521 ὅθεν
1415 1468 1554 1536 ἡμᾶς
1585 1488 1667 1530 τις
1700 1467 1758 1519 ἐκ

63 1566 276 1625 μικρῶν
322 1557 383 1609 τὸ
433 1558 704 1625 καταρχὰς
750 1557 978 1625 μεγάλοι
1030 1559 1335 1625 γεγόναμεν
1374 1555 1612 1626 ἐξετάζῃ,
1657 1558 1758 1610 οὐκ

65 1647 310 1699 ἄλλοθεν
348 1644 380 1713 ἢ
416 1645 474 1698 ἐκ
505 1648 862 1713 βαρβαρικῶν
900 1648 1180 1715 τροπαίων
1220 1647 1508 1708 τοιούτους
1539 1646 1759 1715 εὑρήσει

63 1734 479 1803 γεγενημένους.
518 1734 824 1802 πάμπρωτα
854 1735 956 1801 μὲν
986 1736 1091 1802 γὰρ
1125 1734 1317 1801 εὐθύς,
1357 1735 1446 1788 ὅτε
1478 1736 1611 1804 μετὰ
1649 1744 1760 1787 τῶν

66 1824 285 1887 ζώντων
326 1825 540 1891 Θησεὺς
579 1822 608 1876 ὁ
641 1822 901 1893 ἡμέτερος
932 1820 1018 1892 ἧν,
1045 1823 1341 1891 Ἀμαζόνας
1379 1827 1759 1892 νενικήκαμεν,

63 1920 331 1979 γυναῖκας
368 1912 471 1979 μὲν
511 1911 580 1964 ἂν
622 1917 752 1974 ἴσως
791 1918 937 1966 εἴποι
975 1933 1072 1984 τις,
1111 1913 1250 1967 ἀλλὰ
1289 1916 1434 1966 πολὺ
1471 1915 1573 1980 τὴν
1605 1913 1758 1981 ἀρρέ-
1783 1933 1802 1964 ‘2

63 2020 180 2053 νων
218 2001 607 2069 παρελθούσας
655 2002 853 2070 φύσιν,
902 2001 992 2054 καὶ
1038 2002 1270 2071 γέγονεν
1316 2003 1448 2071 ἡμῖν
1493 2001 1759 2055 ἐντεῦθεν

65 2090 130 2142 οὐ
188 2097 362 2161 μικρῷ
411 2110 521 2143 τινι
576 2088 883 2143 ἐπιδοῦναι.
944 2094 1127 2144 ἔπειτα
1183 2091 1475 2159 διαβάντες
1527 2093 1606 2153 εἰς
1657 2091 1761 2158 τὴν

56 2176 246 2231 Ἀσίαν
294 2179 534 2247 Σάρδεις
587 2178 1021 2247 ἐπολιορκοῦμεν
1074 2181 1162 2233 καὶ
1211 2181 1240 2234 ὁ
1287 2179 1506 2233 ἐκεῖθεν
1555 2180 1761 2248 χρυσὸς

63 2268 311 2335 μεγάλως
348 2268 414 2320 τὰ
444 2277 557 2320 τῶν
587 2263 904 2335 Ἀθηναίων
935 2269 1193 2332 ἀνύψωσε
1225 2270 1528 2338 πράγματα.
1569 2270 1760 2337 τρίτον

66 2355 200 2408 τούν
233 2357 550 2423 Μαραθῶνι
589 2359 857 2424 τρόπαιον
889 2358 1122 2424 ἱστῶμεν
1155 2356 1245 2410 καὶ
1282 2357 1592 2426 προέβημεν
1624 2357 1760 2409 ὅσον

65 2447 325 2497 πλεῖστον
365 2443 512 2512 ἐνῆν.
551 2444 641 2497 καὶ
681 2444 941 2514 τέταρτον
981 2448 1276 2499 κάλλιστον
1319 2446 1407 2499 ἐπὶ
1447 2448 1760 2506 καλλίστοις

65 2533 125 2584 τὸ
166 2530 227 2585 ἐν
268 2536 546 2601 Σαλαμῖνι
586 2533 677 2585 καὶ
717 2537 1026 2588 Πλαταιᾶσι
1073 2542 1483 2604 ναυμαχοῦντες
1529 2532 1619 2586 καὶ
1665 2552 1759 2586 πε-

187 2726 211 2764 2
245 2721 324 2767 ὅδε
359 2723 402 2766 V
524 2729 550 2767 6
583 2722 743 2779 ἐπίσης
775 2724 816 2765 V
942 2729 965 2766 7
999 2723 1145 2776 οὕτως
1178 2725 1221 2767 V
1343 2729 1369 2767 9
1402 2721 1688 2781 βουλοίμεθα
1723 2723 1765 2764 V

186 2786 240 2825 13
266 2781 346 2825 καὶ
370 2784 727 2838 φιλονεικοῦμεν
761 2783 809 2825 in
834 2797 968 2840 marg
991 2784 1058 2828 L2
1181 2788 1234 2827 15
1267 2783 1387 2839 ἡμᾶς
1409 2799 1479 2833 τις
1503 2782 1620 2827 ὅθεν
1653 2780 1759 2825 coni

67 2838 205 2883 Sohm
349 2845 403 2882 16
435 2841 482 2885 τὲ
516 2844 624 2885 ante
655 2842 707 2885 τὸ
739 2842 781 2883 V
837 2854 913 2886 ras
946 2847 972 2885 2
1005 2843 1084 2886 libi:
1107 2844 1151 2887 L
1201 2847 1206 2897 Ι
1255 2841 1548 2900 τοκαταρχὰς
1581 2842 1624 2885 V

0 2942 2 2949 ,
67 2903 124 2941 20
156 2895 220 2960 ἂν
248 2897 414 2954 scripsi
476 2898 561 2944 οὖν
586 2902 682 2944 LV
710 2899 843 2944 Schm
970 2907 1024 2945 26
1058 2905 1244 2952 καλοῖςῖ

0 3020 35 3168 L

1784 1045 1827 1074 10

1783 1489 1827 1520 15

1783 2376 1829 2410 25
