2010 3168
198 120 300 174 158
659 117 888 163 LIBANII
914 116 1306 162 DECLAMATIO
1338 117 1445 162 XVI

194 259 266 310 ἄν
304 276 386 319 τις
427 255 670 324 ἐναργῶς
709 254 796 308 ἐπὶ
835 264 946 308 τῶν
985 253 1225 323 ἀνδρῶν,
1265 256 1323 306 οἳ
1357 254 1453 316 τὰς
1484 253 1710 323 ἀρίστας
1747 251 1884 306 ἐπω-

193 349 391 415 νυμίας
425 344 719 413 ἐκτήσαντο
751 352 866 407 τοῖς
899 343 1303 412 ἐπιτηδεύμασι.
1334 345 1392 396 τί
1417 344 1516 396 τὸν
1548 341 1886 411 Ἀριστείδην

194 430 352 487 εἷπον
393 435 610 487 δίκαιον
642 435 716 496 εἰς
750 433 959 495 πάντας
991 432 1348 502 ἀνθρώπους;
1389 431 1490 501 οὐχ
1523 431 1608 484 ὅτι
1640 433 1886 500 χρήματα

104 529 160 572 Η.
174 528 238 572 ΙΧ
255 532 310 571 36
373 528 600 576 οἴκοθεν
634 521 640 593 Ι
677 522 971 590 ἀνήλισκεν
1012 524 1088 584 είς
1119 522 1221 590 τὴν
1251 523 1434 590 πόλιν,
1474 520 1605 574 οὐδὲ
1635 521 1740 590 γὰρ
1774 518 1885 573 ἐκέ-

150 633 170 666 5

130 1079 172 1111 10

133 1525 174 1557 15

134 1970 176 2002 20

195 632 386 681 κτητο,
439 610 557 665 ἀλλ’
602 611 686 664 ὅτι
725 620 835 664 τῶν
874 620 1080 664 κοινῶν
1119 610 1349 672 οὐδενὸς
1389 610 1591 678 ἥψατο,
1631 609 1767 677 πρὸς
1807 609 1887 666 δι-

194 701 491 770 καιοσύνης
523 700 690 764 δόξαν
728 702 961 770 ἤρκεσεν
1000 700 1155 772 αὐτῷ.
1198 702 1388 768 φήμην
1428 697 1700 761 συνέσεως
1738 717 1888 765 περι-

197 790 362 859 έθηκε
399 794 757 857 Θεμιστοκλεῖ
792 791 852 843 τὸ
893 786 1067 858 μηδὲν
1107 788 1376 857 ἀγνοῆσαι
1413 796 1524 840 τῶν
1555 786 1884 855 ἀναγκαίων.

196 879 447 949 ἀνδρεῖος
479 879 507 932 ὁ
541 879 869 947 Μιλτιάδης,
896 879 962 932 οὐ
996 879 1100 948 γὰρ
1135 879 1310 931 ἔδεισε
1341 879 1471 940 τοὺς
1494 876 1824 946 βαρβάρους.
1858 875 1886 929 ὁ

197 972 473 1039 Περικλῆς
496 970 703 1034 πιστός,
722 968 788 1021 οὐ
814 968 918 1037 γὰρ
942 967 1132 1035 ὑπεῖχε
1156 967 1257 1034 τὴν
1281 974 1435 1035 χεῖρα
1458 974 1573 1027 τοῖς
1597 967 1887 1033 λήμμασιν.

198 1057 225 1110 ὁ
246 1059 446 1110 Σόλων
463 1055 850 1126 [θαυμαστός,]
869 1056 953 1109 ὅτι
975 1053 1158 1117 οὐδεὶς
1183 1055 1354 1107 αὐτοῦ
1379 1054 1621 1123 πονηρὸς
1646 1053 1888 1123 ἠλέγχθη

197 1150 388 1214 νόμος,
437 1147 756 1215 σοφώτατος
803 1145 1104 1214 ὠνομάσθη
1152 1142 1474 1211 νομοθέτης.
1538 1143 1622 1196 21.
1677 1143 1890 1196 τούτων

197 1235 444 1304 ἕκαστος,
485 1232 526 1288 ὦ
575 1236 774 1302 ἄνδρες
812 1233 1122 1303 Ἀθηναῖοι,
1176 1232 1280 1286 κᾶν
1335 1230 1413 1286 ἔτι
1467 1234 1691 1294 πλείους
1746 1231 1889 1285 ε’ίποι

197 1345 278 1388 τις
318 1325 584 1393 ἀγαθούς,
619 1320 704 1393 ἐφ’
743 1316 827 1386 οἷς
859 1323 959 1392 οὐχ
991 1323 1232 1392 ἥμαρτεν
1262 1319 1415 1385 ἔδοξε
1448 1319 1888 1390 κατωρθωκέναι.

197 1413 288 1467 καὶ
336 1416 574 1476 δικαίως.
637 1420 731 1482 τῆς
786 1414 890 1480 γὰρ
938 1418 1148 1481 θνητῆς
1194 1412 1412 1480 φύσεως
1466 1409 1551 1463 ε’πὶ
1606 1410 1672 1463 τὰ
1725 1412 1888 1479 χείρω

202 1502 508 1573 φερομένης
563 1503 712 1565 ὅστις
775 1502 945 1555 αὑτὸν
999 1500 1228 1571 ἀνέσχεν
1289 1500 1395 1553 ἀπὸ
1458 1508 1570 1552 τῶν
1630 1497 1891 1567 ἐμφύτων

200 1591 625 1661 ἁμαρτημάτων,
672 1590 876 1653 τέλειος
922 1591 1023 1659 τὴν
1074 1589 1274 1660 ἀρετήν
1315 1587 1489 1656 ἐστιν,
1528 1587 1598 1656 ἣν
1637 1587 1669 1656 ἡ
1711 1587 1888 1655 θνητὴ

199 1690 362 1751 χωρεῖ
403 1682 649 1747 δύναμις.
699 1678 818 1733 οὐδ’
864 1677 1015 1733 ἔστιν
1055 1679 1200 1741 ὅπως
1247 1677 1316 1731 ἂν
1363 1679 1588 1744 ἄμεινον
1635 1677 1889 1743 οἰκηθείη

199 1772 358 1832 πόλις
396 1768 428 1838 ἢ
468 1769 703 1838 μηδενὸς
749 1768 1159 1837 ἁμαρτάνοντος
1206 1766 1267 1820 ἐν
1313 1766 1465 1836 αὐτῇ.
1527 1773 1690 1818 τοῦτο
1737 1763 1891 1826 τέλος

201 1861 278 1922 εἰς
324 1858 739 1926 καλοκάγαθίαν
786 1855 1015 1929 ἑκάστῳ,
1061 1864 1223 1910 τοῦτο
1270 1856 1535 1925 αὔταρκες
1582 1855 1658 1916 εἰς
1709 1853 1891 1906 εὐδαι-

200 1949 400 2015 μονίαν
445 1955 509 2016 τῇ
556 1949 727 2000 πόλει.
791 1946 875 1998 22.
923 1946 1086 2014 κάμοὶ
1132 1954 1420 2014 προσεῖναι
1466 1944 1532 1997 τὰ
1579 1944 1774 2012 βελτίω
1821 1947 1896 2014 τῷ

202 2038 272 2105 μὴ
327 2037 393 2089 τὰ
447 2039 609 2106 χείρω
664 2034 1017 2103 διέγνωσται,
1073 2036 1350 2104 φρόνησιν
1403 2031 1530 2102 μέν,
1585 2031 1772 2093 ὁσάκις
1826 2031 1890 2083 τὰ

201 2124 463 2194 κράτιστα
510 2124 800 2194 παρῃνέθη
839 2140 954 2191 μοι,
995 2124 1054 2176 τὸ
1099 2131 1197 2176 τοῦ
1243 2119 1674 2189 Θεμιστοκλέους
1720 2121 1892 2173 καλὸν

201 2212 329 2267 καθ’
379 2214 539 2281 αὑτό,
591 2213 954 2281 δικαιοσύνην
1002 2211 1080 2280 δέ,
1135 2211 1219 2264 ὅτι
1273 2208 1409 2279 μηδὲ
1456 2211 1595 2281 ἄκρᾳ
1643 2216 1704 2279 τῇ
1751 2208 1891 2278 χειρὶ

322 2334 348 2374 8
382 2330 438 2373 of.
471 2344 515 2386 p.
537 2306 687 2382 i26‚3
833 2333 857 2372 9
890 2327 1020 2372 Dem.
1053 2344 1097 2384 p.
1124 2332 1224 2382 421,
1245 2332 1313 2372 18.
1361 2327 1482 2371 Men.
1513 2340 1628 2371 com.
1653 2325 1715 2370 IV
1742 2324 1891 2368 159M

205 2392 276 2446 (=
301 2389 364 2432 III
387 2404 431 2445 p.
458 2393 514 2432 88
539 2388 592 2432 fr.
621 2392 704 2431 309
725 2388 780 2444 Κ)
904 2392 957 2431 15
990 2386 1109 2431 Plut.
1143 2402 1263 2443 garr.
1288 2402 1333 2443 p.
1360 2390 1445 2430 514
1463 2386 1524 2439 A;
1557 2387 1734 2442 quaest.
1762 2398 1888 2428 conv.

202 2447 265 2491 III
288 2463 333 2504 p.
361 2452 445 2491 649
464 2447 496 2491 C
621 2452 673 2491 17
706 2447 843 2491 Isocr.
869 2461 932 2491 or.
961 2445 1043 2489 XII
1072 2461 1116 2502 p.
1144 2446 1269 2490 261b

323 2555 347 2594 3
389 2547 520 2595 εἷπον
553 2550 718 2607 scripsi
795 2546 923 2594 εἶπεν
964 2548 1024 2594 ἂν
1051 2551 1186 2594 ΜαΡ
1231 2551 1237 2606 Ι
1288 2549 1472 2605 signum
1510 2545 1890 2604 interrogationis

203 2610 338 2666 posui
363 2625 468 2654 cum
497 2610 651 2654 Gasda
713 2609 846 2653 colon
872 2610 962 2653 Ma
1022 2621 1202 2652 comma
1227 2610 1272 2653 P
1388 2613 1413 2651 5
1439 2623 1554 2661 προς
1571 2608 1616 2651 Ρ
1733 2611 1758 2649 6
1785 2620 1890 2649 συν-

205 2668 340 2720 έσεως
367 2672 454 2714 Μα
486 2669 569 2713 sed
601 2683 712 2718 σεως
739 2669 787 2712 in
813 2683 885 2712 ras
910 2667 979 2711 m²
1114 2671 1138 2710 9
1166 2666 1367 2723 ἄμισθος
1399 2665 1555 2710 Gasda
1685 2669 1738 2707 10
1770 2667 1891 2708 θαυ-

204 2727 374 2785 μαστός
398 2727 653 2772 cancellavi
676 2730 730 2771 ut
755 2736 907 2771 ortum
932 2741 956 2771 e
981 2726 1182 2771 lectione
1206 2726 1335 2770 varia,
1358 2725 1487 2770 verbi
1516 2724 1752 2779 sequentis
1777 2724 1890 2767 ὠνο-

206 2786 364 2843 μάσθη
425 2790 683 2838 τελευταῖος
707 2787 812 2830 ooni
845 2786 1054 2830 Herblein
1082 2788 1088 2841 Ι
1116 2786 1276 2841 μηδεὶς
1302 2786 1389 2829 Μα
1416 2786 1422 2841 Ι
1450 2781 1652 2841 ἠλέγχθη
1679 2782 1842 2837 scripsi
1866 2796 1891 2825 e

208 2848 296 2890 Ma
328 2860 431 2889 cum
464 2845 635 2890 Cobebo
699 2845 863 2903 ἐλέχθη
891 2848 936 2890 Ρ
1054 2850 1106 2888 12
1133 2844 1236 2901 εἴπη
1265 2846 1354 2888 Ma
1477 2847 1529 2886 13
1562 2840 1640 2898 ἐφ’
1670 2841 1832 2896 scripsi

206 2905 255 2949 ἐν
276 2907 412 2950 ΜαΡ
528 2909 582 2948 14
614 2904 673 2961 μὴ
708 2908 816 2948 ante
842 2901 1035 2954 δικαίως
1063 2903 1140 2948 del
1158 2904 1247 2948 Ma
1369 2907 1420 2946 19
1456 2900 1659 2946 ἑκάστων
1686 2902 1774 2944 Ma

206 2969 261 3007 22
293 2962 540 3023 παρῃνέθη
566 2980 643 3020 μοι
668 2963 831 3020 scripsi
893 2961 1227 3019 παραινέσαιμι
1247 2963 1383 3006 ΜαΡ
1499 2965 1553 3003 23
1588 2959 1648 3016 μὴ
1681 2959 1731 3003 δὲ
1759 2958 1895 3003 ΜαΡ
