2010 3168
572 94 1040 140 CORINTHIORUM
1072 94 1296 139 ORATIO
1712 97 1780 148 15

90 232 419 302 ἀνῃρῆσθαι.
465 241 581 293 πῶς
610 231 724 298 δγὰρ
783 234 790 296 Ι
848 231 918 283 ἂν
956 232 1162 283 οἰκοῖτο
1201 232 1360 293 πόλις
1398 230 1430 299 ἡ
1470 233 1603 299 μήτε
1650 236 1870 280 RIV353

90 322 342 390 ἄρχουσι,
372 328 488 382 τοῖς
520 318 817 388 ἑρμηνεῦσι
847 328 959 371 τῶν
991 321 1197 386 νόμων,
1229 319 1479 388 χρωμένη
1513 322 1692 388 γυμνή
1727 341 1779 372 τε

91 405 231 463 οὖσα
276 418 474 478 τειχῶν
518 407 611 461 καὶ
656 417 828 461 ταῦτα
869 408 929 460 ἐν
973 406 1185 478 Θρᾴκῃς
1225 405 1353 461 καθ’
1400 408 1634 476 ἑκάστην
1678 411 1781 476 γὰρ

91 500 378 567 δήπουθεν
427 497 636 567 ἡμέραν
691 496 818 566 ἐξῆν
873 495 943 549 ἀν
996 505 1112 559 τοῖς
1170 496 1339 567 Θρᾳξὶ
1395 499 1640 565 βαδίζειν
1694 497 1780 551 ἐπὶ

88 589 190 656 τὴν
220 589 397 640 πόλιν.
443 587 524 639 12.
557 587 648 639 καὶ
678 594 849 639 ταῦτα
891 585 1183 639 ἐπέταττον
1223 586 1363 648 ὅλως
1401 583 1642 655 ἔγκλημα
1680 585 1781 656 μὲν

89 673 254 730 οὐδὲν
325 676 572 745 φανερὸν
633 675 856 743 ἐπάγειν
921 673 1163 744 ἔχοντες,
1225 681 1336 742 εἴγε
1405 677 1477 743 μὴ
1539 673 1779 744 ἔγκλημά

88 764 238 818 ἐστιν
277 763 599 833 ἐλευθερίας
637 762 937 834 ἐπιθυμεῖν
977 766 1106 826 τοὺς
1147 764 1196 827 ἐξ,
1232 763 1400 833 ἀρχῆς
1431 764 1781 835 ἐλευθέρους,

87 854 326 917 ὑποψίας
366 853 430 907 δέ
466 874 621 916 τινας
658 854 747 907 καὶ
787 854 1055 916 ὑπονοίας
1094 853 1362 921 λέγοντες.
1415 851 1510 921 ἀφ’
1558 850 1638 908 ὧν
1675 857 1779 924 γὰρ

87 942 212 1011 περὶ
245 942 541 1013 Κέρκυραν
573 942 902 1010 ἀδικήσασιν
933 943 1122 1005 αὐτοῖς
1153 940 1486 1012 συνῄδεσαν,
1518 944 1651 996 οὐδὲ
1681 945 1780 1011 τὴν

90 1034 401 1085 Ποτίδαιαν
445 1030 708 1100 ἀσφαλῶς
754 1035 900 1101 ἔχειν
938 1031 1195 1100 ἡγοῦντο.
1235 1030 1535 1100 ἐβούλοντο
1584 1030 1646 1085 δὲ
1690 1032 1778 1085 καὶ

92 1121 226 1190 ἡμᾶς
264 1123 396 1184 τοὺς
434 1122 781 1189 Κορινθίους
828 1124 1050 1188 λυπεῖν,
1099 1120 1182 1173 ὅτι
1230 1123 1594 1190 Κερκυραίων
1643 1122 1782 1190 ἡμᾶς

87 1210 544 1279 ἀπεστερήκεσαν,
584 1211 767 1263 ἄλλων
806 1209 1064 1262 ἀποίκων.
1112 1217 1276 1262 τοῦτο
1323 1210 1427 1278 γὰρ
1480 1211 1548 1277 δὴ
1589 1211 1678 1262 καὶ
1718 1212 1779 1263 τὸ

86 1302 415 1353 καινότατόν
455 1298 626 1352 ἐστιν·
668 1294 746 1352 ὧν
786 1299 1019 1367 ἠδίκουν
1051 1297 1210 1352 αὐτοὶ
1244 1300 1399 1361 δίκας
1430 1295 1678 1367 ἀπῄτουν
1710 1300 1781 1362 ὡς

87 1389 458 1458 ἀδικούμενοι.
502 1387 584 1441 13.
626 1390 718 1441 διὰ
757 1385 861 1454 μὲν
900 1388 968 1455 δὴ
1008 1396 1180 1440 ταῦτα
1220 1387 1422 1451 ἀδίκως
1459 1386 1550 1440 καὶ
1587 1389 1781 1455 βιαίως

86 1489 203 1541 τοῖς
242 1478 637 1540 Ποτιδαιάταις
675 1475 1111 1546 προσεφέροντο,
1159 1477 1218 1529 οἱ
1253 1474 1314 1530 δὲ
1340 1479 1418 1541 ,τά
1449 1474 1550 1543 μὲν
1590 1487 1777 1545 πρῶτα

89 1566 336 1619 ἱκέτευον
385 1566 547 1634 <καὶ>
603 1565 822 1620 ἐδέοντο
876 1566 1052 1633 μηδὲν
1105 1569 1446 1635 νεωτερίζειν
1500 1568 1625 1633 περὶ
1680 1568 1779 1634 τὴν

89 1657 271 1722 πόλιν,
305 1655 401 1708 ἐᾶν
424 1651 557 1723 <δὲ>
581 1657 680 1708 τὸν
705 1654 902 1708 ἐνόντα
934 1657 1142 1723 κόσμον
1173 1663 1268 1722 τῆς
1298 1658 1591 1718 πολιτείας.
1625 1656 1698 1718 ὡς
1723 1654 1770 1706 δ’

206 1776 232 1815 8
264 1771 408 1814 Thuc.
426 1771 534 1824 156,
555 1777 593 1815 1.
627 1775 735 1827 57‚4
859 1776 911 1814 11
947 1770 1090 1814 Thuc.
1116 1770 1137 1813 I
1153 1775 1259 1821 44,2
1385 1776 1438 1814 16
1472 1771 1615 1815 Thuc.
1633 1771 1654 1814 I
1671 1776 1776 1825 58‚1

210 1880 228 1916 1
265 1875 566 1927 ἀναιρεῖσθαι
599 1874 761 1931 Doxap
797 1877 803 1930 Ι
839 1872 898 1918 ἂν
931 1888 1006 1918 om
1037 1874 1202 1931 Doxap
1238 1877 1244 1930 Ι
1280 1873 1384 1931 μήτ’
1419 1875 1582 1931 Doxap
1611 1878 1618 1929 Ι
1647 1874 1778 1930 ἑρμη-

87 1939 215 1977 νεῦσι
248 1933 414 1990 scripsi
439 1934 529 1977 coll
552 1933 668 1977 Plat.
695 1933 785 1991 leg
804 1934 844 1976 X
868 1949 911 1990 p.
933 1938 1016 1978 907
1037 1933 1077 1976 D
1140 1932 1288 1990 ἕλλησι
1312 1934 1419 1977 libri
1442 1935 1602 1989 Doxap
1629 1935 1718 1977 edd

91 2007 228 2067 ‚mum
259 1991 369 2048 μήτε
401 1991 624 2049 ἄρχουσιν
657 1993 910 2049 ἑλληνικοῖς
941 1992 1051 2048 μήτε
1083 1992 1244 2049 νόμοις
1274 1992 1539 2052 χρωμένηὶ)“
1576 1993 1644 2036 Re

88 2055 113 2093 3
140 2048 254 2094 οὖσα
272 2066 346 2096 om
367 2051 540 2096 MMor
567 2055 572 2107 Ι
600 2059 714 2095 ταῦτ
719 2051 1010 2098 'BViMaC'l
1130 2058 1157 2096 4
1175 2052 1353 2126 ἡμέραν
1369 2067 1443 2096 om
1462 2053 1566 2096 HV
1587 2055 1592 2108 Ι
1622 2053 1781 2103 αὐτοῖς

86 2109 250 2166 Doxap
372 2116 397 2154 5
422 2110 552 2155 ταῦτ’
582 2111 745 2167 Doxap
774 2110 1055 2166 Ιέπέλαττον
1087 2112 1147 2156 Vi
1221 2109 1296 2156 ἐπ’
1334 2111 1519 2156 ἔλαττον
1551 2112 1603 2157 0¹1
1678 2111 1779 2156 ἐπέ-

87 2169 251 2214 λαττόν
283 2171 405 2214 ἐστιν
429 2169 593 2228 Doxap
658 2127 745 2214 §ap
762 2169 947 2215 ἔλαττόν
973 2172 1096 2214 ἐστιν
1122 2171 1313 2215 ΗΒΜα
1345 2172 1426 2214 sed
1457 2171 1506 2214 in
1538 2171 1626 2214 hoc
1656 2163 1779 2214 ἐστιν

86 2228 212 2272 inser
234 2228 304 2271 m³
330 2231 335 2285 Ι
364 2227 486 2285 ὅμως
510 2230 555 2272 Β
674 2235 700 2273 6
725 2230 932 2285 φανερὸν
958 2230 1096 2275 οὐδὲν
1114 2231 1388 2275 MViMaCz
1410 2230 1510 2274 Mor
1571 2231 1780 2285 φανερὸν

88 2288 248 2332 οὐδενὶ
272 2289 317 2331 Β
353 2290 359 2344 Ι
394 2286 535 2333 ουδεν
568 2303 641 2332 om
675 2290 723 2332 et
754 2289 962 2344 φανερὸν
991 2291 1099 2345 post
1123 2286 1316 2346 ἐπάγειν
1348 2290 1511 2346 Doxap
1547 2293 1552 2346 Ι
1589 2288 1778 2345 ἐπάγειν

89 2346 178 2391 Μα
202 2347 282 2391 sed
309 2361 334 2390 σ
359 2361 500 2404 supra
523 2363 557 2390 π
581 2348 650 2391 m³
677 2350 683 2405 Ι
711 2347 804 2404 εἴγε
830 2374 884 2381 -
910 2353 936 2391 8
947 2347 1177 2421 λέγοντες
1206 2349 1462 2405 praemisso
1491 2347 1705 2404 κείμενον
1730 2349 1779 2391 in

87 2419 220 2462 marg
246 2405 357 2450 Ma⁸
417 2421 492 2450 om
511 2407 565 2452 cl
590 2409 596 2463 Ι
623 2407 683 2464 μὴ
718 2407 883 2463 scripsi
945 2405 1060 2459 ὅλως
1089 2407 1198 2451 libri
1224 2408 1316 2452 edd
1341 2411 1390 2452 at
1418 2422 1555 2463 „num
1581 2408 1621 2451 εἰ
1644 2407 1706 2463 μή
1729 2424 1778 2465 γε

87 2466 183 2510 m’si
196 2467 262 2509 si“
284 2465 352 2509 Re
446 2471 468 2508 7
488 2464 830 2521 ἐλευθερίας-
849 2471 874 2509 8
893 2467 1130 2522 λέγοντες
1116 2483 1166 2510 111
1182 2469 1371 2524 margB
1399 2470 1405 2523 Ι
1432 2466 1515 2518 τὰς
1531 2469 1580 2510 et
1595 2465 1779 2511 ἐλευθέ-

89 2539 173 2577 ρας
196 2523 360 2580 Doxap
481 2529 507 2567 8
532 2542 654 2576 τινες
682 2527 762 2569 καὶ
793 2524 1004 2581 ὑποψίας
1034 2524 1246 2582 λέγονται
1280 2527 1336 2570 Vi
1363 2530 1368 2582 Ι
1397 2527 1476 2570 καὶ
1508 2540 1581 2571 om
1615 2525 1778 2582 Doxap

208 2587 233 2626 9
252 2583 530 2638 ἀδικήσασιν
548 2584 712 2640 scripsi
773 2586 956 2629 ἀδικεῖν
977 2585 1086 2628 libri
1103 2585 1266 2641 Doxap
1284 2585 1375 2630 edd
1403 2590 1409 2644 Ι
1438 2586 1597 2636 αὐτοῖς
1613 2584 1778 2640 scripsi

89 2653 115 2684 c
139 2641 201 2684 M
258 2643 418 2693 αὐτοῖς
440 2643 580 2688 VMa
604 2643 686 2687 sed
716 2644 764 2686 in
794 2643 881 2688 hoc
907 2651 948 2694 ἴς
970 2644 1020 2687 in
1044 2645 1099 2695 ὺς
1130 2658 1231 2688 corr
1236 2601 1337 2699 p‚m³
1365 2645 1418 2690 ΟΖ
1439 2643 1602 2700 Doxap
1628 2644 1718 2688 edd

89 2699 259 2750 αὐτοὺς
275 2701 372 2745 ΗΒ
383 2702 443 2746 Vi
563 2707 614 2746 11
634 2700 928 2757 κερκυραίοις
942 2703 1106 2760 Doxap
1229 2709 1282 2747 12
1300 2703 1670 2757 ἀπεστερήκεσαν
1691 2703 1780 2746 Ma

89 2758 171 2802 sed
195 2776 249 2815 γρ
274 2760 638 2816 ἀπεστερήκασιν
662 2775 878 2818 suprascr
897 2761 967 2805 m⁸
1028 2761 1392 2818 ἀπεστερήκασιν
1410 2764 1471 2807 Μ
1492 2762 1654 2818 Doxap
1679 2761 1781 2804 Mor

151 2822 204 2860 13
228 2817 501 2875 καινότερον
517 2820 682 2877 Doxap
806 2826 859 2864 15
883 2822 1084 2878 ταμενΒ
1208 2826 1261 2864 16
1286 2822 1367 2865 καὶ
1384 2824 1431 2864 et
1450 2827 1501 2864 17
1528 2821 1617 2865 δὲ
1603 2821 1777 2864 mscrui

148 2888 223 2919 om
245 2876 356 2920 libri
379 2878 542 2935 Doxap
567 2879 656 2923 cdd
686 2881 693 2936 Ι
720 2878 772 2923 δὲ
789 2882 898 2936 post
920 2877 1105 2924 ἐδέοντο
1118 2880 1323 2925 ViMacz
1338 2879 1440 2924 Mor
1500 2879 1576 2923 del
1593 2879 1660 2922 Re

93 2936 145 2976 1⁷
181 2937 363 2991 „malim
394 2935 506 2980 ὄντα
510 2894 753 2994 Ρείηιρῖὲω“
780 2939 848 2982 Re
877 2941 883 2994 Ι
912 2937 978 2996 δ’]
1014 2936 1117 2983 οὐδ’
1155 2938 1317 2995 Doxap

1808 1054 1849 1085 10

1805 1498 1846 1530 15
