2010 3168
403 109 830 154 DEMOSTHENIS
863 109 932 153 SE
962 109 1320 154 INCUSANTIS
1353 110 1578 156 ORATIO
1718 111 1827 164 303

136 249 290 319 πόσῳ
336 247 560 299 κάλλιον
616 248 850 314 ζηλῶσαι
904 246 1274 314 Φιλοκράτην,
1328 249 1673 314 μιμήσασθαι
1726 249 1828 316 τὴν

137 337 405 404 Αἰσχίνου
443 334 535 387 καὶ
566 335 838 403 Δημάδου
868 337 1168 402 πολιτείαν,
1207 336 1585 404 αἰχμαλώτους
1623 337 1826 405 λαμβά-

136 443 278 492 νειν,
317 421 628 490 ἐκπώματα,
675 426 923 492 χρυσίον.
971 423 1366 492 εὐδοκιμοῦσιν
1405 420 1559 477 οὗτοι
1598 423 1690 477 καὶ
1728 426 1826 478 τὸν

136 514 312 582 δῆμον
351 513 581 565 δοκοῦσι
623 521 736 564 τῶν
771 510 1084 585 Ἀθηναίων
1122 516 1324 580 φιλεῖν.
1363 511 1468 565 κᾶν
1506 515 1824 584 μαστιγώσῃ

133 620 215 663 τις
252 601 437 653 αὐτῶν
469 598 773 654 Ὀλυνθίαν
816 611 1078 670 γυναῖκα,
1124 600 1476 670 θαυμάζεται.
1523 603 1628 654 κᾶν
1666 606 1823 670 φιλο-
1872 626 1891 658 5

131 693 322 758 τησιάς
351 692 558 759 προπίῃ
589 690 860 761 Φιλίππῳ,
892 687 1020 760 παρ’
1058 689 1194 759 ὑμῖν
1225 689 1540 744 ἐπαινεῖται.
1583 690 1665 744 15.
1698 691 1826 745 ἀλλ’

131 779 315 847 ἀλγεῖς
355 778 446 831 καὶ
486 776 694 840 στένεις
734 778 818 831 ἐπὶ
859 789 974 841 τοῖς
1013 778 1377 848 γιγνομένοις.
1425 780 1635 832 οὐκοῦν
1682 780 1823 833 οἴκοι

131 867 287 920 στένε
332 867 424 920 καὶ
472 867 820 934 λυπούμενος
867 868 1128 921 λάνθανε.
1182 871 1241 920 τί
1282 865 1344 921 δὲ
1391 870 1469 931 εἰς
1515 867 1824 937 ἐκκλησίαν,

128 959 187 1009 τί
228 953 288 1010 δὲ
340 958 417 1019 εἰς
462 957 523 1009 τὸ
570 955 814 1025 θέατρον
866 957 1166 1026 παρελθὼν
1212 957 1462 1028 ἐπιτιμᾷς
1506 966 1621 1020 τοῖς
1661 956 1822 1027 Ἀθη-

128 1048 333 1113 ναίοις,
388 1044 594 1115 ἀργοὺς
649 1042 709 1098 δὲ
764 1046 966 1108 αὐτοὺς
1009 1044 1102 1098 καὶ
1158 1046 1450 1117 ῥᾳθύμους
1503 1052 1685 1110 καλεῖς
1730 1046 1820 1101 καὶ
1847 1070 1891 1104 ιο

127 1144 341 1205 μικρῶν
381 1135 675 1202 λημμάτων
720 1134 918 1202 ἥττους
962 1133 1053 1187 καὶ
1092 1141 1167 1207 τῷ
1206 1140 1462 1206 θεωρικῷ
1511 1136 1822 1204 δελεαζομέ-

127 1243 262 1286 νους
307 1222 398 1277 καὶ
450 1223 694 1285 ἐοικότας
740 1233 857 1285 τοῖς
903 1230 1157 1287 νοσοῦσι;
1203 1231 1375 1277 ταῦτα
1414 1226 1484 1277 σὺ
1525 1224 1822 1294 ἐτόλμησας

131 1314 307 1366 εἰπεῖν
346 1315 672 1381 Ἀθηναίοις,
725 1311 1020 1380 ὀνειδίσαι,
1075 1313 1529 1382 λοιδορήσασθαι.
1592 1313 1659 1366 οὐ
1714 1315 1819 1384 γὰρ

127 1402 240 1454 ἔδει
279 1415 339 1454 σε
378 1400 688 1454 ἀποθανεῖν
728 1400 938 1463 εὐθέως
977 1401 1078 1454 τὸν
1117 1403 1402 1470 Κυρσίλου
1441 1403 1693 1455 θάνατον
1732 1402 1820 1456 ἐπὶ

127 1491 332 1560 ῥήμασι
371 1498 659 1559 πονηροῖς,
702 1489 785 1542 16.
818 1489 1133 1557 ἐτόλμησας,
1173 1487 1215 1543 ὦ
1247 1491 1552 1560 μιαρώτατε
1581 1492 1820 1562 πάντων,
1844 1517 1887 1549 15

125 1579 302 1632 εἰπεῖν
325 1575 664 1647 Ἀθηναίοις·
705 1577 1000 1647 ἐξέστητε
1039 1587 1150 1648 τῆς
1187 1579 1569 1643 ὑποθέσεως
1609 1579 1699 1650 ἐφ’
1749 1578 1819 1649 ἧς

124 1667 289 1736 ὑμᾶς
327 1668 388 1721 οἱ
426 1669 746 1736 πρόγονοι
779 1667 1147 1721 κατέλιπον.
1187 1669 1276 1721 καὶ
1310 1669 1500 1722 πάλιν·
1531 1671 1816 1739 μανδρα-

246 1803 268 1841 1
304 1813 371 1854 sq.
405 1798 461 1843 cf.
495 1814 539 1854 p.
567 1803 667 1852 259,
686 1803 797 1854 6sq.
832 1803 931 1852 327,
950 1803 997 1851 8·
1038 1800 1070 1842 t.
1094 1799 1159 1842 IV
1184 1799 1500 1856 326,15sq.R
1623 1805 1649 1844 5
1685 1800 1815 1845 Dem.

123 1857 227 1901 fals.
246 1857 335 1915 leg.
353 1873 396 1914 p.
416 1862 581 1911 402,17
602 1872 669 1914 sq.
702 1858 918 1903 Aeschin.
921 1834 1040 1901 fals.
1059 1857 1149 1915 leg
1175 1863 1199 1911 ξ
1220 1863 1305 1901 154
1323 1873 1388 1914 sq.
1514 1863 1539 1902 6
1565 1859 1692 1903 Dem.
1712 1860 1814 1904 fals.

123 1916 216 1974 leg.
234 1932 278 1974 p.
298 1921 396 1970 380,
416 1922 471 1960 27
491 1932 556 1973 sq.
683 1921 737 1960 10
770 1917 900 1961 Dem.
927 1916 997 1961 Ol.
1014 1917 1078 1960 ΠΙ
1102 1932 1146 1974 p.
1166 1921 1236 1973 38,
1257 1921 1333 1971 19,
1366 1917 1485 1962 Phil.
1503 1917 1622 1976 le
1627 1924 1756 1973 ,138
1768 1927 1815 1976 5;

124 1990 214 2020 cor.
246 1991 291 2032 p.
318 1981 424 2031 241,
444 1982 491 2031 2,
524 1976 628 2020 fals.
662 1975 751 2032 leg.
784 1991 829 2032 p.
855 1981 910 2020 42
918 1981 958 2032 7,
976 1981 1032 2020 28
1074 1979 1081 2033 Ι
1124 1953 1253 2020 Deni.
1288 1991 1378 2021 cor.
1411 1993 1456 2034 p
1483 1982 1584 2034 240,
1602 1983 1679 2032 29,
1712 1978 1814 2022 fals.

122 2035 213 2092 leg.
231 2050 275 2092 p.
294 2040 394 2090 450,
406 2012 430 2078 9
555 2041 608 2079 11
634 2035 764 2079 Dcm.
784 2034 853 2079 Ol.
872 2035 996 2092 IIIp.
1016 2040 1086 2089 37,
1098 2041 1145 2090 5,
1172 2050 1262 2080 cor.
1280 2051 1325 2093 p.
1345 2041 1445 2092 241,
1456 2042 1481 2079 2
1605 2042 1659 2081 12
1685 2038 1813 2082 Dem.

122 2093 245 2138 Phil.
271 2094 335 2138 III
365 2110 410 2151 p.
438 2099 539 2151 123,
556 2100 612 2138 29
736 2099 791 2138 14
824 2095 880 2139 cf.
910 2096 943 2138 t.
971 2095 1013 2139 V
1037 2100 1108 2150 65,
1127 2100 1164 2139 5.
1198 2095 1329 2138 Dem.
1364 2110 1452 2140 cor.
1478 2111 1523 2152 p.
1550 2101 1651 2152 296,
1671 2102 1705 2140 9.

124 2158 179 2198 16
208 2153 266 2198 cf.
290 2155 323 2198 t.
348 2154 411 2197 IV
437 2158 536 2210 254,
556 2159 633 2207 24,
667 2158 766 2209 299,
787 2154 881 2199 1R.
915 2154 1044 2198 Dem.
1070 2155 1187 2198 Phil.
1214 2154 1278 2198 IV
1301 2170 1346 2211 p.
1375 2159 1546 2210 143,13

122 2276 207 2314 329
239 2271 352 2316 Lech
384 2276 467 2316 150
499 2272 597 2316 Rev
620 2276 707 2315 425
740 2274 789 2316 at
820 2272 878 2316 cf.
910 2273 1049 2316 Arist.
1074 2273 1192 2317 rhet.
1217 2273 1239 2316 I
1264 2279 1289 2316 9
1322 2288 1367 2329 p.
1395 2278 1532 2317 1368·
1547 2279 1617 2318 31.
1650 2273 1814 2331 Polyb.

242 2365 267 2432 3
301 2385 437 2441 οὗτος
462 2391 692 2435 MatMon
739 2392 746 2447 1
794 2398 887 2435 τῶν
919 2389 1077 2448 δήμων
1101 2391 1166 2435 Li
1307 2396 1334 2436 5
1372 2388 1443 2443 τίς
1464 2392 1816 2437 HMatMonLi

241 2454 267 2493 6
298 2447 476 2507 προπίῃ
510 2449 676 2505 scripsi
750 2447 956 2509 προπίνῃ
995 2450 1104 2493 libri
1135 2450 1204 2493 Re
1253 2452 1261 2507 Ι
1312 2448 1523 2509 Φιλίππῳ
1563 2451 1727 2507 scripsi
1759 2465 1813 2494 cx

122 2509 471 2553 HMatMo‘nLi
502 2508 592 2552 coll
623 2508 753 2553 Dcm.
782 2509 812 2553 l.
838 2509 867 2552 l.
903 2523 1008 2553 cum
1039 2509 1250 2554 Iacobsio
1275 2509 1441 2553 Schulz
1467 2496 1521 2554 5‘7
1588 2508 1814 2560 Φίλιππος

133 2568 176 2610 V
201 2566 270 2610 Re
413 2571 439 2610 8
482 2566 692 2612 λάνθανε
723 2568 767 2611 V
801 2568 883 2612 sed
921 2568 971 2611 in
1009 2568 1215 2626 λάμβανε
1255 2582 1357 2612 corr
1387 2568 1458 2612 m²
1532 2567 1737 2626 λάμβανε
1763 2569 1818 2612 Η

241 2630 266 2669 9
300 2625 485 2682 ἐπιτιμᾶ
504 2627 734 2672 ΜαὺΜοπ
793 2629 989 2701 ἐπιτιμᾷ
1003 2627 1166 2671 Iacobs
1190 2628 1288 2671 Ach
1314 2627 1351 2670 Τ
1377 2632 1463 2671 553
1488 2628 1584 2671 Rev
1607 2632 1692 2671 425

123 2688 177 2727 10
210 2685 261 2729 δὲ
293 2684 342 2727 in
372 2699 447 2728 ras
482 2685 542 2730 V*
686 2690 740 2729 13
779 2686 929 2731 εἰπεῖν
955 2672 1249 2742 Αθηναίοις,
1291 2685 1522 2731 ὀνειδίσαι
1561 2686 1725 2743 scripsi
1757 2701 1812 2729 ex

121 2743 241 2787 HLi
277 2757 382 2787 cum
419 2744 628 2788 Iacobsio
669 2743 836 2788 Schulz
868 2750 922 2789 57
1002 2745 1169 2790 εἰπεῖν
1211 2744 1466 2802 ἀθηναίοις
1507 2744 1735 2789 ὀνειδίσαι
1776 2746 1821 2790 V

122 2803 353 2847 MatMo‘n
382 2802 452 2846 Re
597 2808 652 2846 14
694 2802 787 2848 ἔδει
819 2818 867 2848 σε
899 2803 1065 2860 scripsi
1096 2818 1203 2847 cum
1234 2805 1442 2849 Iacobsio
1473 2804 1580 2848 Add
1612 2809 1668 2847 46
1700 2804 1814 2848 Lect

122 2866 204 2905 151
244 2861 345 2905 Rev
374 2866 461 2905 425
502 2861 669 2906 Schulz
699 2866 754 2906 57
834 2863 978 2908 ἔδεισε
1015 2863 1126 2907 libri
1156 2863 1225 2907 Re
1371 2868 1424 2907 16
1465 2862 1724 2913 διαθέσεως
1750 2864 1815 2907 Ist‘

241 2924 295 2963 17
327 2920 448 2976 ἡμᾶς
473 2922 536 2964 Li
