2010 3168
150 639 170 672 5

197 127 303 179 398
624 126 852 171 LIBANII
882 127 1271 172 DECLAMATIO
1303 127 1452 172 XXIII

197 262 281 315 38.
322 261 441 332 ἐμοὶ
481 260 580 330 μὲν
621 262 756 332 ὅλην
795 264 939 316 δοκῶ
981 263 1422 317 συντετελεκέναι
1460 265 1562 333 τὴν
1600 265 1885 317 πολιτείαν

195 351 286 404 καὶ
323 351 531 420 μηδένα
578 354 724 421 ἔχειν
768 353 962 405 καινὸν
1010 354 1178 420 λόγον
1225 355 1413 406 εἰπεῖν.
1459 350 1538 406 ἔτι
1588 350 1648 406 δὲ
1696 354 1743 406 εἰ
1790 352 1884 406 κᾶ-

195 450 349 494 κεῖνα
388 443 664 503 πολιτείας
702 437 772 509 ἦν
806 441 940 511 μέρη
975 441 1007 494 ἃ
1040 449 1138 494 τοῦ
1179 441 1360 510 λέγειν
1391 439 1492 511 μὲν
1523 441 1613 495 καὶ
1645 442 1884 511 γράφειν

195 528 347 592 ε’κτός
387 529 553 598 ἐστιν,
595 530 991 600 ἐπιλαμπρύνει
1031 531 1092 583 δὲ
1130 532 1230 584 τὸν
1269 532 1598 600 δημαγωγὸν
1644 529 1734 584 καὶ
1782 531 1884 599 τὴν

195 619 419 671 εὔνοιαν
459 619 629 672 αὐτοῦ
671 620 978 688 δείκνυσιν,
1031 618 1321 687 ἑστιάσεις,
1368 623 1714 690 κρεανομιάι,
1766 621 1884 673 δια-

195 711 379 775 νομαί,
419 709 696 777 χορηγίαι,
735 711 1107 778 τριηραρχιάι,
1148 709 1500 771 συνεκδόσεις
1537 708 1883 780 θυγατέρων,

196 797 552 865 αἰχμαλώτων
593 797 794 865 λύσεις,
832 796 924 850 καὶ
964 794 1113 850 ταῦτ’
1161 797 1390 860 οὐδενὸς
1431 793 1596 866 ἧττον
1642 807 1755 851 τῶν
1792 817 1883 865 με-

194 887 363 956 τρίων
403 885 770 954 ἐπεδειξάμην.

306 974 392 1027 39.
426 973 619 1043 Ἐχέτω
669 976 736 1043 δὴ
783 974 936 1038 τέλος
983 974 1071 1028 καὶ
1120 976 1371 1046 καθάπερ
1420 976 1723 1044 ἀνθρώπου
1762 978 1883 1044 βίος

129 1085 171 1118 10
195 1064 419 1136 θανάτῳ
461 1064 706 1132 παύεται,
745 1065 844 1117 τὸν
883 1064 1068 1132 αὐτόν,
1110 1059 1152 1116 ὦ
1193 1066 1391 1133 ἄνδρες
1421 1064 1719 1134 Ἀθηναῖοι,
1758 1067 1881 1135 τρό-

106 1158 225 1202 RIV
243 1162 328 1201 298
374 1170 483 1206 πον
513 1153 603 1206 καὶ
635 1154 695 1206 τὸ
724 1162 819 1222 τῆς
842 1156 1119 1215 πολιτείας
1141 1161 1235 1222 τῆς
1270 1154 1276 1223 Ι
1311 1152 1441 1223 ἐμῆς
1464 1153 1632 1221 πέρας
1656 1155 1881 1224 ὡρίσθω

128 1531 168 1564 15

193 1248 268 1313 τῷ
306 1250 402 1309 τῆς
441 1241 706 1305 ἐκδόσεως
751 1245 1075 1311 ψηφίσματι.
1114 1241 1146 1311 ἢ
1187 1243 1411 1296 πάντων
1457 1242 1882 1312 ἀναισχυντότα-

192 1351 285 1394 τος
339 1330 409 1385 ἂν
461 1333 727 1401 γενοίμην
780 1334 858 1394 εἰς
911 1334 1041 1395 τοὺς
1101 1331 1610 1402 κατεψηφισμένους
1666 1333 1882 1401 παριὼν

194 1422 272 1473 ἔτι
311 1419 402 1473 καὶ
441 1425 658 1490 τολμῶν
698 1419 1029 1488 ἀποβλέπειν
1068 1422 1143 1484 εἰς
1188 1422 1250 1475 τὸ
1295 1429 1396 1474 τοῦ
1444 1422 1621 1490 δήμου
1667 1423 1877 1490 πρόσω-

193 1528 301 1562 πον
341 1509 520 1579 ὥσπερ
560 1510 955 1579 μανδραγόραν
993 1511 1255 1573 πεπωκὼς
1292 1509 1384 1563 καὶ
1423 1513 1604 1563 πολὺν
1644 1508 1730 1563 ἐπὶ
1766 1519 1882 1572 τοῖς

193 1597 577 1667 γεγενημένοις
614 1599 795 1652 ὕπνον
833 1597 1235 1667 κεκοιμημένος.
1273 1598 1360 1651 40.
1402 1597 1507 1667 ἐγὼ
1549 1595 1609 1651 δὲ
1640 1599 1704 1651 τὰ
1745 1600 1880 1652 ἄλλα

192 1684 293 1756 μὲν
334 1686 522 1757 ἑτέρου
561 1690 762 1758 χείρων
799 1707 882 1751 τις
920 1687 1054 1756 ὑμῖν
1093 1686 1360 1756 ἐγενόμην
1401 1692 1554 1755 ἴσως,
1601 1686 1777 1741 ἐκεῖνο
1819 1685 1880 1740 δὲ

194 1777 294 1829 οὐκ
333 1777 402 1829 ἄν
440 1797 505 1845 με
544 1776 803 1846 ἀφέλοιτό
835 1796 917 1839 τις
957 1777 1017 1829 τὸ
1051 1784 1145 1844 τῆς
1182 1784 1281 1829 τοῦ
1322 1778 1498 1845 δήμου
1531 1785 1709 1846 ψυχῆς
1749 1790 1879 1829 συν-

195 1864 349 1918 ιέναι.
382 1862 559 1934 ἔγνων
583 1863 961 1934 μεμισημένος,
994 1865 1454 1935 κατεγνωσμένος.
1496 1865 1562 1918 οὐ
1595 1866 1697 1933 γὰρ
1732 1864 1880 1918 ἐπαι-

313 2002 337 2040 5
373 1997 428 2040 cf.
462 2013 506 2054 p.
535 2001 633 2052 376,
654 2002 707 2040 13
736 1999 741 2053 Ι
771 1997 878 2040 Luc.
911 1996 1061 2041 Prom.
1095 2012 1129 2041 s,
1163 1996 1298 2041 Caua.
1329 2001 1354 2039 5
1500 2001 1525 2040 6
1559 1996 1615 2040 cf.
1650 2012 1692 2052 p.
1720 2000 1818 2050 363,
1839 2001 1877 2039 7.

193 2056 321 2100 Dem.
356 2071 446 2100 cor.
478 2071 524 2112 p.
550 2061 655 2113 316,
675 2061 715 2099 4.
749 2056 856 2100 Luc.
896 2055 1026 2099 Dem.
1060 2060 1084 2110 ξ
1113 2060 1170 2099 45
1308 2060 1361 2099 15
1403 2055 1460 2100 cf.
1492 2071 1537 2112 p.
1557 2061 1656 2110 304,
1677 2061 1712 2099 1.
1747 2055 1876 2099 Dem.

193 2115 311 2159 Phil.
330 2116 392 2160 IV
415 2131 459 2173 p.
482 2120 629 2171 133‚1.
662 2116 724 2160 Io.
750 2116 926 2172 Doxap.
955 2115 1094 2159 schol.
1120 2116 1170 2159 in
1195 2115 1410 2172 Hermog.
1436 2115 1498 2159 id.
1525 2115 1545 2158 Ι
1569 2119 1625 2159 84
1650 2115 1719 2159 ed.
1745 2114 1879 2158 Walz

194 2175 310 2218 rhet.
343 2190 409 2231 gr.
435 2175 621 2230 V1v253‚
643 2180 695 2219 19
714 2190 780 2231 sq.
821 2175 927 2218 Luc.
962 2175 1091 2219 Dem.
1125 2179 1149 2228 ξ
1175 2179 1229 2218 36
1354 2179 1407 2218 18
1440 2175 1570 2218 Dem.
1603 2189 1646 2231 p.
1675 2178 1803 2226 1396,
1823 2178 1875 2217 11

315 2299 336 2336 1
372 2291 738 2338 συντετελεκέναι
769 2294 867 2349 (sed
893 2291 1098 2338 ελεκέναι
1122 2293 1171 2336 in
1194 2307 1269 2336 ras
1294 2294 1354 2348 B,
1387 2290 1739 2337 συντεταλκέναι
1762 2293 1876 2348 Par)

193 2352 276 2409 τὴν
317 2349 556 2397 πολιτείαν
600 2354 722 2397 δοκῶ
757 2354 974 2398 VaBPar
1116 2357 1141 2395 2
1185 2352 1323 2397 κενὸν
1348 2353 1549 2397 HParP
1583 2352 1663 2396 sed
1702 2351 1750 2394 in
1790 2351 1877 2395 hoc

193 2412 360 2456 καινὸν
391 2412 440 2455 in
472 2426 605 2468 marg
634 2412 704 2454 m⁸
845 2416 871 2454 5
905 2412 1093 2457 ἔννοιαν
1125 2411 1195 2456 Va
1340 2416 1393 2454 10
1425 2412 1623 2456 παύεται
1655 2410 1821 2466 scripsi
1852 2423 1877 2453 e

201 2471 512 2516 VaBParMa
586 2470 822 2515 πέπαυται
847 2472 904 2515 Η
909 2471 994 2516 VP
1022 2470 1113 2515 edd
1257 2475 1308 2514 11
1344 2469 1531 2526 ὡρίσθω
1558 2471 1646 2515 Μα
1679 2469 1760 2513 sed
1792 2470 1877 2525 ὡρι

192 2529 241 2572 in
271 2544 347 2573 ras
381 2535 405 2573 6
438 2529 518 2574 litt
548 2529 618 2573 m'
738 2535 791 2574 12
825 2529 1226 2586 ἀναισθητότατος
1251 2531 1339 2574 Μα
1462 2533 1514 2572 13
1549 2528 1648 2585 εἴην
1674 2530 1763 2573 Μα
1795 2528 1876 2571 sed.

192 2606 247 2645 γρ
279 2587 498 2646 γενοίμην
529 2588 578 2631 in
608 2602 743 2645 marg
791 2591 797 2645 1
848 2589 889 2634 εἰ
912 2590 1098 2634 ΒΜαΡ
1125 2588 1227 2632 Mor
1369 2593 1423 2632 16
1455 2586 1497 2632 τ’
1533 2587 1647 2632 ἄλλα
1671 2589 1819 2632 BPar

193 2648 307 2691 ἄλλα
340 2649 409 2692 Va
530 2652 582 2691 17
616 2645 685 2699 τίς
709 2650 763 2692 Η
771 2649 986 2693 VaParP
1009 2649 1016 2703 Ι
1042 2652 1163 2707 ζῃαιιύ
1193 2648 1301 2704 ὑμῖν
1334 2648 1647 2704 accipiendum
1678 2647 1765 2691 erit
1787 2660 1876 2702 pro

191 2707 308 2762 πρὸς
344 2708 464 2763 ’ὑμᾶς
503 2711 587 2751 aut
623 2709 702 2764 leq.
737 2707 786 2751 ἐν
818 2708 952 2763 ὑμῖν“
995 2707 1063 2752 Re
1208 2711 1261 2750 18
1300 2712 1382 2763 τῆς
1421 2721 1495 2751 om
1518 2706 1624 2751 HV
1666 2708 1672 2762 Ι
1721 2712 1875 2762 ψυχῆς

194 2766 358 2822 scripsi
391 2767 578 2810 auctore
611 2765 819 2810 Weiskio
852 2766 958 2823 Hyp
982 2766 1025 2809 II
1048 2770 1104 2810 48
1173 2766 1311 2822 τύχης
1335 2765 1445 2809 libri
1476 2765 1568 2809 edd
1711 2769 1764 2807 19
1801 2765 1876 2821 „id

193 2831 255 2868 est
285 2825 366 2869 διὰ
396 2833 478 2869 τοῦ
509 2829 834 2882 κατεγνῶσθαι
870 2827 938 2870 vel
975 2826 1025 2869 ἐκ
1067 2832 1150 2869 τοῦ
1182 2841 1279 2868 κατ.
1315 2825 1458 2881 ἔγνων
1498 2823 1568 2869 ὅτι
1597 2820 1711 2878 παρ’
1746 2823 1874 2879 ’ὑμῶν

192 2882 451 2941 μεμίσημαι.
485 2885 605 2928 alias
634 2886 790 2928 malim
815 2886 901 2942 leyi
933 2884 1078 2940 ἔγνων
1110 2883 1432 2941 μεμισημένος,
1465 2883 1609 2940 ἔγνων
1648 2898 1874 2939 κατεγνω-

193 2942 379 2997 ayt-“1109“
416 2943 482 2986 Re
509 2946 516 2999 1
544 2942 652 2987 οὐδὲ
677 2945 776 2987 Ραν
