2010 3168
229 157 337 210 500
671 157 899 202 ΗΒΑ-ΝΠ
928 156 1318 203 DECLAMATIO
1350 157 1500 203 XXVI

341 299 423 347 56.
455 281 768 348 Parisinus
809 315 881 363 gr.
915 299 1056 347 3023
1099 314 1222 347 saec.
1254 294 1487 364 XVJXVI
1521 300 1604 347 fol.
1640 301 1723 348 32.
1784 299 1911 348 Vide

226 372 898 496 t'V5lss.11?a{311S1‘·³entianus
936 447 1023 495 LX
1057 448 1124 495 25
1167 462 1290 495 saec.
1321 447 1439 494 XIV
1482 448 1566 497 f01.
1603 449 1707 496 314
1783 447 1911 496 Vide

224 523 257 568 t·
286 521 562 658 Vffenliggc
594 595 887 644 declamatio
919 596 1026 644 sola
1049 596 1128 644 vel
1159 596 1261 643 fere
1293 597 1400 645 sola
1429 599 1667 645 remansit
1697 597 1749 645 in
1781 597 1910 644 codi-

225 685 335 717 cum
369 665 812 719 ‘scholasticorum'
847 685 1038 734 genere.

337 743 485 793 Cuius
518 747 654 792 sunt:

337 818 418 866 58.
451 818 764 867 Parisinus
799 818 968 881 Suppl.
1003 836 1072 883 gr.
1107 819 1209 866 656
1246 833 1368 867 saec.
1393 819 1484 866 XV
1525 819 1611 867 fol.
1639 821 1721 868 83.
1784 819 1910 867 Vide

135 977 219 1017 247
338 968 419 1016 59.
453 966 934 1015 Vindobonensis
957 967 1107 1029 phil.
1135 966 1382 1016 CCXXIII
1405 968 1692 1015 chartaceus
1722 967 1910 1016 formae

223 1044 429 1103 quartae
467 1041 812 1090 miscellaneus
853 1043 1074 1089 continet
1111 1041 1225 1089 inde
1266 1058 1296 1090 a
1326 1042 1447 1090 folio
1482 1042 1576 1089 64¹⁷
1613 1057 1767 1090 manu
1805 1057 1908 1091 sae-

223 1116 322 1164 culi
353 1115 445 1163 XV
475 1115 691 1163 ineuntis
724 1118 951 1164 exaratas
986 1116 1225 1177 reliquias
1266 1116 1681 1164 declamationum
1711 1115 1910 1164 Libanii

223 1188 529 1255 φιλαργύρου
568 1193 684 1248 παῖς
722 1187 1006 1254 ἀριστεύσας
1046 1185 1226 1258 ’ᾔτησεν
1264 1189 1334 1249 εἰς
1371 1188 1462 1254 τὴν
1502 1187 1689 1255 δωρεὰν
1722 1192 1908 1238 θαλλοῦ

223 1262 280 1330 (t.
304 1263 377 1312 IV
408 1281 455 1326 p.
483 1265 586 1312 622
606 1257 673 1330 R)
705 1263 819 1312 inde
853 1264 913 1312 ab
944 1265 1091 1320 initio
1123 1280 1278 1326 usque
1310 1263 1372 1312 ad
1403 1263 1555 1312 verba
1586 1261 1750 1328 λαβὼν
1780 1262 1832 1312 τό
1857 1281 1910 1329 γε

222 1335 287 1396 ὡς
311 1335 540 1401 ἀριστέως
559 1331 630 1405 (p.
650 1339 753 1386 635
759 1332 892 1405 1,6,)
911 1338 1090 1400 quibus
1113 1338 1290 1386 folium
1310 1340 1403 1386 ’71ν
1419 1338 1614 1401 desinit,
1631 1341 1682 1386 et
1697 1339 1779 1386 fol.
1794 1332 1907 1404 731)

222 1412 596 1461 declamationis
613 1415 810 1461 nostrae
825 1413 976 1462 verba
991 1413 1105 1460 inde
1123 1428 1153 1460 a
1170 1420 1319 1461 ταῦτα
1342 1419 1439 1461 τῶν
1457 1411 1609 1461 δικῶν
1628 1405 1697 1478 (p.
1718 1406 1908 1479 515,1)

221 1501 378 1548 usque
425 1486 489 1534 ad
533 1484 920 1551 προσκαθημένη
971 1490 1075 1544 ταῖς
1121 1485 1303 1562 θύραις
1346 1480 1416 1553 (p
1452 1488 1581 1547 541,
1605 1484 1684 1550 4),
1732 1486 1908 1548 quibus

222 1560 372 1609 codex
404 1554 659 1628 (f01.78v)
693 1561 887 1610 desinit
949 1561 1159 1623 Inspexi.

134 1643 218 1683 248
335 1636 417 1684 60.
450 1635 768 1683 Palatinus
800 1634 1332 1719 Heidelbergensis
1356 1651 1426 1698 gr.
1454 1635 1558 1683 356
1583 1634 1907 1697 bombycinus

219 1709 408 1757 formae
449 1711 657 1771 quartae
695 1711 898 1758 maioris
938 1709 1122 1758 saeculi
1152 1709 1270 1757 XIV
1309 1709 1547 1769 ineuntis,
1585 1708 1792 1757 testibus
1829 1710 1907 1756 in-

220 1783 569 1846 scriptionibus
609 1783 721 1832 folii
754 1786 811 1832 3v
847 1781 900 1832 τὸ
931 1781 1091 1848 παρὸν
1122 1783 1316 1848 βιβλίον
1346 1782 1503 1846 κτῆμά
1525 1781 1654 1832 ἐστιν
1679 1780 1908 1848 ἀρσενίου

219 1922 307 1964 τοῦ
340 1916 670 1981 μονεμβασίας
703 1918 753 1964 et
783 1922 933 1964 τονῦν
965 1910 1012 1964 δ’
1049 1910 1175 1964 εἶναι
1206 1876 1342 1981 yfen}
1375 1914 1587 1979 κόμητος
1627 1923 1714 1965 τοῦ
1745 1875 1905 1982 wopa·

221 1990 341 2037 olim
372 1990 613 2038 Arsenii
644 1991 1070 2052 metropolitae
1102 1989 1563 2052 Monembasiae,
1595 1992 1767 2052 postea
1801 1992 1905 2039 eius

219 2065 412 2127 nepotis
455 2062 699 2127 Georgii
740 2063 988 2113 Comitis
1034 2057 1415 2131 Corinthii2),
1462 2063 1689 2126 deinceps
1730 2064 1905 2112 biblio·
1983 2117 1986 2119 .

219 2138 390 2186 thecae
443 2138 718 2187 Udalrici
770 2138 1053 2203 Fuggeri,
1112 2132 1504 2201 Palati·nae³),
1557 2138 1906 2199 Vaticanae,

219 2211 531 2260 Parisinae
563 2229 593 2259 n
606 2213 916 2275 ationalis,
942 2213 1081 2261 cuius
1107 2214 1302 2276 signum
1326 2214 1378 2260 in
1403 2213 1579 2260 ultimo
1604 2212 1723 2260 folio
1749 2205 1905 2278 (196)

220 2289 395 2347 exstat,
425 2289 610 2334 iterum
640 2286 900 2335 Palatinae
930 2286 1374 2351 Heidelbergensis,
1405 2286 1747 2335 miscellaneus
1795 2301 1904 2333 con-

219 2361 348 2408 tinet
391 2360 511 2408 folio
546 2362 578 2408 4
625 2360 771 2409 finem
801 2362 947 2410 huius
995 2361 1367 2409 declamationis
1414 2359 1526 2407 inde
1574 2375 1604 2407 a
1634 2360 1795 2408 verbis
1836 2359 1905 2408 δι-

340 2503 383 2555 1)
414 2501 597 2545 Folium
631 2506 684 2544 72
717 2515 913 2545 vacuum
945 2503 1016 2545 est
1046 2501 1274 2545 relictum.

339 2562 381 2617 2)
408 2559 475 2604 Cf.
499 2559 666 2604 Philol.
691 2560 867 2617 XLIIp
873 2565 1008 2604 ..164
1048 2561 1276 2618 Legrand,
1310 2559 1428 2604 Bibl.
1455 2557 1905 2615 Hell.1p.CLXXII

221 2621 267 2662 et
299 2618 461 2662 CCLIl.
529 2619 680 2663 Maria
710 2619 780 2663 Vo
817 2619 860 2663 el
898 2621 946 2663 et
976 2619 1030 2663 V.
1066 2618 1412 2674 Gardthausen,
1455 2619 1542 2662 Die
1584 2616 1904 2674 griechischen

221 2677 464 2722 Schreiber
495 2678 576 2722 des
608 2678 794 2722 Mittela
814 2681 907 2722 ters
931 2693 976 2734 p.
1003 2683 1058 2722 42
1083 2681 1177 2723 not.
1202 2683 1251 2731 4;
1283 2694 1327 2735 p.
1357 2653 1412 2722 ‘18’
1435 2680 1529 2722 not.
1559 2681 1595 2720 7.
1645 2675 1690 2720 C.
1717 2675 1820 2720 Van
1844 2675 1902 2719 de

219 2736 361 2780 Vorst
391 2735 642 2781 Centralbl.
674 2736 705 2781 f.
739 2737 961 2780 Biblioth.
989 2737 1137 2781 XXIII
1161 2741 1260 2791 540,
1279 2741 1349 2780 28.

339 2797 381 2852 3)
414 2796 485 2839 Fr.
521 2795 549 2840 S
550 2796 794 2854 ylburgius
833 2796 883 2839 in
928 2796 1083 2841 indice
1129 2795 1441 2840 bibliothecae
1481 2794 1660 2851 (Miegii
1698 2793 1901 2838 Monum.

218 2854 329 2910 piet.
370 2857 417 2898 et
454 2854 574 2899 liter.
607 2854 816 2899 Francos.
857 2855 917 2898 ad
956 2855 1005 2898 M
1046 2857 1176 2911 1701)
1217 2854 1302 2899 sub
1340 2867 1530 2898 numero
1563 2857 1647 2898 356
1690 2866 1795 2896 eum
1833 2852 1903 2896 ita

221 2913 486 2969 descripsit.
520 2915 654 2958 Varii
676 2916 934 2971 argumenti
955 2916 1233 2959 collectanea.
1279 2914 1474 2958 Libanii
1498 2912 1842 2957 declamationes
1856 2915 1900 2956 2.

219 2973 471 3028 ethopoeiae
501 2976 542 3017 2.
607 2972 672 3017 Cf.
708 2988 813 3017 ann.
845 2973 1129 3018 Fleckeisen.
1164 2978 1276 3017 1876
1308 2988 1351 3029 p.
1379 2976 1479 3016 496.
