2010 3168
704 110 962 156 CEPHALI
994 110 1218 155 ORATIO
1700 112 1807 164 133

120 247 259 300 ὅθεν
296 244 387 300 καὶ
425 251 674 300 πλεῖσται
714 250 919 316 κρίσεις
964 245 1281 316 Ἀθήνησιν,
1330 249 1407 310 εἰς
1455 244 1515 300 δὲ
1562 247 1623 300 τὸ
1665 249 1808 300 δικα-

120 320 347 407 στήριον
400 337 744 398 εἰσελθόντες
807 336 1102 404 εὐάγωγοι,
1166 335 1558 406 φιλάνθρωποι
1624 344 1808 388 πᾶσιν.

120 425 190 478 ἄν
235 445 316 488 τις
362 423 615 495 ἀρνῆται,
662 426 967 493 πιστεύετε,
1013 428 1150 492 πρὸς
1197 427 1293 478 τὸν
1343 427 1810 494 κινδυνευόμενον

120 513 204 567 ἀεὶ
243 513 448 583 ῥέπετε,
489 515 804 584 οἰκτείρετε,
852 518 1021 567 πλείω
1069 514 1280 582 δάκρυα
1320 524 1430 567 τῶν
1468 514 1811 584 κρινομένων

119 603 330 672 ἀφίετε,
378 605 584 668 σώζετε.
635 607 730 656 καί
772 623 896 657 τινα
942 605 1151 671 τρόπον
1198 604 1417 676 εἰκότως
1462 612 1625 657 τοῦτο
1674 618 1807 672 συμ-

117 694 311 761 βαίνει.
361 693 476 763 ίδίᾳ
522 690 624 762 μὲν
670 694 774 761 γὰρ
822 692 1047 755 ἕκαστος
1086 692 1118 761 ἣ
1158 695 1352 761 πικρὸς
1392 693 1424 762 ἢ
1466 693 1738 761 βάσκανος
1776 694 1810 761 ἤ

117 801 168 834 τι
209 791 319 834 τῶν
363 781 736 850 ἀνθρωπίνων
777 783 929 848 ἄλλο,
969 781 1370 851 ἀθροισθέντες
1410 782 1471 835 δὲ
1503 787 1578 845 εἰς
1609 783 1811 834 ταύτὸν

118 869 454 938 ἀποθέμενοι
493 871 554 923 τὸ
595 870 721 924 καθ’
764 870 996 924 ἕκαστον
1035 867 1176 939 ἦθος
1211 872 1271 924 τὸ
1303 872 1498 924 κοινὸν
1532 870 1810 940 Ἀθηναῖοι

117 962 377 1028 γεγόνατε
423 958 514 1013 καὶ
561 961 715 1027 μετά
739 969 839 1013 τοῦ
893 961 1198 1028 συμβόλου
1232 959 1319 1013 καὶ
1373 969 1468 1029 τῆς
1514 963 1811 1030 βακτηρίας

116 1050 217 1119 τὴν
286 1052 534 1118 ἔμφυτον
603 1058 668 1119 τῇ
736 1051 891 1102 πόλει
960 1054 1392 1119 φιλανθρωπίαν
1461 1050 1809 1118 ἀπειλήφατε.

117 1137 202 1191 30.
243 1136 303 1191 ἐν
344 1135 447 1191 οὗν
486 1140 763 1201 τοιούτοις
803 1138 1075 1209 ἀνδράσιν
1114 1138 1403 1207 ἐγκαλέσαι
1442 1139 1544 1206 μὲν
1575 1140 1665 1192 καὶ
1697 1149 1811 1201 τοῖς

115 1227 289 1297 μηδὲν
328 1227 583 1280 ἀδικοῦσι
624 1225 849 1298 ῥᾴδιον,
898 1228 1116 1296 ἐλεῆσαι
1165 1225 1224 1281 δὲ
1271 1230 1359 1281 καὶ
1410 1231 1540 1291 τοὺς
1580 1228 1809 1296 ἁμαρτά-

116 1336 330 1380 νοντας.
372 1316 404 1369 ἃ
444 1318 549 1385 γὰρ
592 1318 813 1370 ἔδεισαν
853 1318 911 1370 οἰ
944 1319 1264 1387 κρινόμενοι
1303 1319 1374 1386 μὴ
1414 1318 1696 1383 πάθωσιν,
1739 1318 1811 1380 ὡς

115 1409 400 1469 παθόντας
431 1405 618 1475 ἀφίετε
651 1407 1045 1475 σωφρονιστὴν
1079 1408 1271 1460 ἱκανὸν
1303 1407 1400 1459 τὸν
1433 1409 1614 1475 φόβον
1650 1407 1810 1474 ἡγού-

116 1516 288 1565 μενοι.
328 1496 388 1548 τὸ
430 1492 535 1548 οὖν
573 1492 711 1564 μηδὲ
750 1498 828 1558 εἰς
867 1498 1051 1548 αἰτίαν
1090 1495 1297 1564 ἐλθεῖν,
1338 1497 1403 1549 οὐ
1443 1497 1503 1548 τὸ
1544 1495 1810 1564 κριθέντα

118 1591 372 1653 σωθῆναι
414 1586 560 1654 παρὰ
593 1583 838 1638 τουτοισὶ
871 1584 1024 1653 μέγα.
1066 1583 1127 1638 ἐν
1161 1587 1532 1652 Λακεδαίμονι
1573 1582 1676 1654 μὲν
1706 1587 1810 1653 γὰρ

116 1673 206 1727 καὶ
248 1675 390 1727 ὅπου
430 1675 655 1743 βραδεῖς
696 1674 797 1742 μὲν
837 1674 1200 1727 αἰτιάσασθαί
1237 1675 1342 1727 εἰσι
1374 1678 1623 1743 πολίτην,
1656 1679 1809 1743 χαλε-

115 1763 208 1816 ποὶ
249 1760 309 1816 δὲ
348 1765 650 1830 κρίνοντες,
690 1767 1027 1832 κατηγορίαν
1068 1761 1333 1832 ἐκφυγεῖν
1376 1763 1512 1834 ῥᾷον
1551 1763 1582 1831 ἢ
1625 1763 1811 1835 ἀθῷον

117 1852 408 1921 ἀφεῖσθαι·
447 1851 710 1921 Ἀθήνησι
751 1849 811 1905 δὲ
851 1849 977 1922 παρ’
1020 1845 1103 1916 οἷς
1142 1853 1418 1920 ἀμύθητοι
1460 1853 1560 1921 μὲν
1599 1854 1660 1904 αἱ
1695 1855 1810 1921 κρί-

117 1955 247 2009 σεις,
288 1941 650 2010 εὐαρίθμητοι
690 1942 752 1994 δὲ
791 1943 852 1994 αἱ
886 1945 1167 2010 τιμωρίαι,
1215 1943 1276 1994 αἶ
1318 1940 1515 1995 πολλαὶ
1562 1939 1663 2008 μὲν
1704 1941 1807 2009 ἀφ-

117 2030 258 2093 έσεις
311 2038 405 2099 τῆς
459 2029 720 2100 ὑμετέρας
777 2034 1166 2100 χρηστότητος,
1221 2031 1288 2083 οὐ
1328 2031 1493 2099 <τῆς>
1539 2038 1639 2083 τοῦ
1693 2051 1810 2099 κρι-

236 2181 261 2220 3
295 2175 472 2221 Choric.
507 2175 628 2219 Milt.
662 2180 687 2229 ξ
712 2180 739 2219 4
770 2191 816 2232 p.
841 2181 882 2232 4,
903 2180 958 2219 23
1103 2181 1128 2219 9
1165 2175 1294 2220 Dcm.
1330 2189 1419 2220 cor.
1452 2191 1496 2233 p.
1523 2181 1667 2232 298,6

119 2240 172 2279 16
205 2235 349 2279 Thuc.
374 2235 395 2278 I
422 2240 520 2290 132,
539 2240 564 2278 5

236 2375 262 2414 3
301 2369 640 2415 κινδυνεύοντα
671 2367 817 2412 Cobet
855 2370 906 2412 at
945 2368 1002 2412 cf.
1036 2367 1168 2413 Chor.
1202 2368 1288 2412 1.1.
1434 2374 1460 2413 6
1498 2367 1526 2424 ἢ
1558 2369 1603 2412 τὶ
1627 2371 1671 2413 Ρ

120 2435 174 2473 14
199 2429 363 2474 ἱκανὸν
381 2429 544 2485 scripsi
562 2442 668 2471 cum
685 2426 858 2472 Cobeto
921 2428 1087 2473 καινὸν
1106 2430 1244 2473 MaP
1301 2428 1461 2473 κοινὸν
1478 2428 1690 2472 Hertlein

120 2493 173 2533 15
207 2488 266 2545 μὴ
300 2487 351 2532 δὲ
379 2490 516 2533 ΜαΡ
562 2489 568 2543 !
618 2487 673 2530 οὐ
705 2487 756 2531 τὸ
790 2487 955 2543 scripsi
1017 2485 1076 2532 αὖ
1107 2495 1189 2532 τοῦ
1217 2489 1354 2533 ΜαΡ
1400 2492 1404 2544 Ι
1448 2485 1696 2543 κριθέντος
1721 2489 1809 2532 Μα

239 2552 292 2591 16
324 2548 569 2592 τοιουτοισὶ
598 2545 756 2590 Gasda
878 2551 931 2590 17
961 2547 1042 2590 καὶ
1066 2547 1345 2591 delendum?
1373 2550 1379 2604 Ι
1408 2549 1596 2615 βραδεῖς
1614 2548 1702 2591 Ma
1727 2546 1810 2589 scd

118 2608 146 2665 β
183 2607 232 2650 in
270 2621 346 2650 ras
378 2607 447 2650 m²
497 2609 502 2662 Ι
553 2603 861 2649 αἰτιάσασθαί
898 2606 985 2650 εἰσι
1029 2605 1222 2663 πολίτην
1262 2607 1426 2663 scripsi
1503 2606 1809 2650 αἰτιάσασθαι

116 2696 220 2751 περὶ
253 2683 366 2740 πολι
387 2697 523 2740 MaP
581 2692 733 2745 αἰτίας
771 2693 995 2753 δέχεσθαι
1033 2695 1138 2750 περὶ
1171 2694 1317 2739 Cobet
1439 2698 1491 2737 18
1524 2691 1808 2751 κατηγορίαν

120 2754 339 2829 ἐκφυγεῖν
379 2752 496 2815 ρᾷον
536 2752 564 2809 ἢ
605 2755 769 2811 ἀθῷον
809 2755 1039 2808 ἀφεῖσθαι
1082 2754 1247 2811 scripsi
1324 2753 1488 2798 ἀθῶόν
1516 2769 1571 2797 τε
1615 2754 1808 2808 ἀφεῖναι

119 2811 235 2869 ρᾶον
267 2812 294 2869 ἢ
328 2811 612 2869 κατηγορίαν
645 2813 864 2869 ἐκφυγεῖν
891 2814 1028 2858 ΜαΡ
1167 2818 1223 2857 20
1267 2831 1314 2857 αι
1304 2813 1387 2869 (2)
1421 2814 1546 2856 inser
1573 2812 1683 2857 Μιτ2

119 2878 172 2916 21
205 2879 286 2928 τῆς
315 2880 398 2917 τοῦ
429 2871 674 2928 κριθέντος
702 2873 867 2929 ἀρετῆς
890 2872 1055 2929 scripsi
1081 2887 1185 2916 cum
1216 2873 1428 2916 Hertlino
1506 2879 1587 2915 τοῦ
1620 2870 1807 2925 κριθέν-

118 2948 196 2983 τος
226 2931 364 2988 ἀρετὴ
390 2932 527 2975 ΜαΡ

1835 1072 1878 1104 10

1835 1517 1876 1550 15

1834 1963 1877 1996 20
