2010 3168
169 1076 210 1107 10

168 1525 207 1557 15

240 114 350 167 482
677 112 861 158 LIBAN
861 113 905 157 H
933 111 1324 157 DECLAMATIO
1357 112 1485 157 XXV

233 248 495 312 Ἑλλάδος
533 250 628 312 τὰς
673 249 1006 318 τυραννίδας
1047 249 1228 301 Λαίδα
1275 249 1617 319 δορυφορεῖν
1663 245 1754 299 καὶ
1802 261 1926 300 σκο-

236 348 362 393 πεῖν
402 339 547 402 ὄπως
585 339 680 402 τὰς
718 338 958 401 ἀτόπους
997 347 1109 391 τῶν
1147 337 1289 391 νέων
1331 337 1534 406 ἡδονὰς
1578 336 1925 406 θεραπεύσει.

347 429 433 482 26.
479 426 631 481 Ἀλλ’
668 429 938 494 ἄμεινον
982 426 1128 496 περὶ
1176 428 1419 495 ταύτην
1469 426 1925 495 ἀσχολεῖσθαι,

237 520 392 585 φησί,
429 518 536 569 καὶ
574 517 653 584 μὴ
693 518 924 584 βιαίως
971 516 1078 568 διὰ
1122 516 1232 578 τὰς
1270 518 1564 584 μοιχείας
1615 513 1926 583 ἀναιρου-

236 604 474 674 μένους
542 605 633 667 εἰς
695 604 1237 673 ὀλιγανθρωπίαν
1299 604 1484 672 ἄγειν
1543 604 1658 672 τὴν
1720 605 1926 656 πόλιν.

235 692 323 746 καὶ
363 703 478 756 πῶς
518 693 584 756 οὐ
624 701 875 761 κρεῖττον
913 694 991 755 εἰς
1031 692 1280 760 ἀγαθοὺς
1312 692 1719 763 εὐαριθμήτους
1749 696 1927 744 τελεῖν

237 782 267 851 ἢ
321 786 537 850 πλῆθος
590 783 948 849 κακιζόμενον
1002 778 1168 852 ἕχειν;
1232 783 1280 834 εἰ
1342 782 1446 850 γὰρ
1511 779 1634 843 ἑνὸς
1689 780 1926 850 πονηρία

234 872 424 934 κοινὰς
478 871 830 941 ἀπεργάζεται
886 872 1201 939 συμφοράς,
1255 872 1310 922 τί
1363 870 1504 939 δρᾶν
1558 870 1698 931 εἰκὸς
1754 868 1928 936 αὐτὴν

235 960 612 1030 ἐκφερομένην
652 961 729 1022 εἰς
765 962 1044 1030 πλείονας,
1085 959 1269 1027 ἐπειδὴ
1307 956 1369 1011 δὲ
1402 959 1598 1027 σεμνὸς
1637 952 1691 1010 εἶ
1717 961 1928 1027 φόνους

235 1049 550 1117 καταλέγων
595 1050 727 1117 ἡμῖν
772 1047 862 1102 καὶ
909 1057 1003 1118 τῆς
1048 1050 1256 1110 πόλεως
1303 1048 1557 1116 ἐρημίαν,
1613 1042 1691 1099 ὧν
1747 1046 1925 1114 ἐκείνη

233 1140 304 1207 μὴ
359 1145 613 1209 παροῦσα
668 1137 907 1191 δέδωκεν
962 1137 1222 1208 ἀφορμὴν
1276 1136 1391 1200 ἕξιν
1445 1135 1753 1189 ἀκόλαστον
1808 1143 1928 1197 ταῖς

233 1236 344 1280 τῶν
375 1226 517 1280 νέων
551 1226 777 1280 ἐνθεῖσα
807 1235 1025 1296 ψυχαῖς,
1058 1227 1158 1279 οὐκ
1191 1226 1405 1295 ὀκνήσω
1440 1224 1620 1293 λέγειν
1654 1225 1725 1287 ὡς
1756 1221 1927 1292 ἔγωγε

234 1327 344 1369 τῶν
375 1316 849 1386 παρανομούντων
882 1314 1054 1384 ἡδέως
1086 1314 1155 1368 ἂν
1188 1316 1439 1384 αὐτόχειρ
1475 1314 1752 1382 γενοίμην,
1784 1314 1927 1380 πλὴν

232 1407 361 1458 πότε
406 1406 707 1467 τοσούτους
759 1404 953 1468 δείξεις
1000 1405 1092 1457 διὰ
1140 1406 1389 1473 μοιχείαν
1436 1403 1680 1472 ἐννόμως
1726 1401 1925 1471 ἀνῃρη-

232 1494 450 1563 μένους,
491 1494 656 1556 ὅσους
688 1494 719 1561 ἡ
752 1494 921 1563 μιαρὰ
957 1496 1167 1562 κεφαλὴ
1207 1493 1464 1545 τεθέαται
1503 1492 1627 1562 περὶ
1666 1491 1726 1543 τὸ
1761 1490 1927 1558 αὑτῆς

234 1583 597 1654 ἐργαστήριον
622 1582 1003 1651 ἐσφαγμένους
1026 1582 1481 1651 παρανομώτατα;
1506 1580 1591 1632 27.
1609 1582 1774 1633 πόσαι
1797 1580 1927 1640 τοὺς

235 1674 530 1735 συνοίκους
569 1671 774 1741 ὁρῶσαι
815 1672 982 1724 Λαίδι
1023 1674 1296 1735 συζῶντας
1346 1671 1570 1739 χηρείαν
1611 1668 1926 1737 ἐδάκρυσαν

235 1761 365 1814 οὐδὲ
417 1761 608 1814 παισὶν
661 1757 886 1830 ἔχουσαι
940 1765 1396 1829 παραμυθεῖσθαι
1450 1760 1550 1827 τὴν
1605 1757 1923 1827 συμφοράν;

378 1868 399 1906 1
445 1863 501 1907 cf.
535 1864 568 1905 17.
593 1862 657 1906 IV
682 1866 832 1915 287‚8.
866 1862 972 1905 Her.
998 1861 1040 1904 11
1066 1866 1163 1905 168.
1197 1861 1338 1904 Thuc.
1365 1860 1386 1904 I
1412 1864 1561 1915 130‚1.
1595 1859 1713 1903 Plat.
1747 1872 1843 1914 rep.
1863 1858 1924 1901 IX

234 1938 278 1979 p.
306 1927 391 1966 574
409 1922 469 1976 D3
503 1926 588 1965 575
606 1922 644 1965 Β
768 1927 791 1965 7
817 1921 923 1966 Hes,
951 1935 1023 1977 op.
1052 1925 1150 1964 240.
1185 1920 1399 1965 Aeschin.
1428 1919 1544 1962 Ctes.
1564 1923 1805 1975 p.73‚lsq.

237 1988 289 2025 15
322 1981 462 2026 Arist.
497 1982 610 2025 Ach.
637 1985 722 2025 285

353 2076 376 2114 7
411 2053 883 2127 ‹pvq—dss-{dcp‘Haioffog
913 2068 1185 2120 πολλάκις
1216 2069 1311 2112 καὶ
1343 2067 1602 2125 ξύμπασα
1635 2066 1797 2116 πόλις
1828 2083 1926 2110 κα-

233 2138 332 2175 κοῦ
365 2130 577 2186 ἀνδρὸς
608 2130 839 2186 ἀπηύρα
871 2129 1122 2183 Ma²Wozf
1146 2128 1247 2172 Mor

355 2225 376 2263 1
412 2223 696 2275 δορυφορεῖν
721 2218 869 2262 MMa
910 2217 991 2261 sed
1030 2223 1168 2272 τιμᾶν
1207 2217 1257 2259 in
1292 2230 1426 2273 marg
1452 2216 1544 2259 Mm
1577 2217 1624 2258 eb
1656 2213 1755 2269 ἤτοι
1788 2219 1926 2270 τιμᾶν

234 2293 448 2335 suprascr
474 2278 586 2323 Ma³
729 2283 754 2320 2
785 2277 1071 2333 θεραπεύσει
1103 2276 1268 2333 scripsi
1336 2274 1627 2331 θεραπεύσηι
1656 2275 1714 2319 Ον
1784 2277 1927 2327 θερα-

233 2339 378 2395 πεύση
407 2339 459 2382 H
467 2338 614 2382 ViMa
648 2337 728 2381 sed
761 2336 810 2379 in
841 2337 929 2380 hoc
962 2353 1016 2393 γρ
1050 2340 1123 2380 δεῖ
1143 2335 1497 2391 θεραπεύεσθαι
1528 2334 1574 2376 in
1608 2346 1742 2390 marg
1764 2331 1846 2386 m²‚
1875 2332 1927 2377 Ol

293 2399 367 2442 δεῖ
386 2397 940 2451 θεραπεύεσθαιΒῘῖαΜ
1032 2397 1140 2450 post
1162 2394 1452 2450 θεραπεύσηι
1479 2392 1681 2449 spatium
1707 2396 1822 2435 4—5
1848 2391 1927 2433 litt

236 2457 296 2501 Cr
439 2463 464 2500 5
499 2453 879 2513 ὀλιγανθρωπίας
911 2455 969 2498 Vi
1114 2460 1165 2497 11
1207 2454 1267 2510 μὴ
1307 2452 1480 2496 inserui
1516 2454 1704 2495 auctore
1735 2450 1801 2493 Re
1834 2449 1925 2494 coll

234 2532 277 2572 p.
296 2520 433 2571 483‚9
452 2530 518 2571 sq.
582 2528 657 2558 om
681 2513 789 2557 libri
814 2514 905 2557 edd
967 2514 1152 2557 ἀποῦσα
1178 2513 1284 2556 coni
1302 2512 1457 2556 Gasda
1500 2513 1505 2567 Ι
1549 2516 1678 2568 „post
1692 2508 1926 2574 μάφορμὴν

233 2577 377 2620 deesse
408 2576 620 2619 videntur
650 2574 758 2618 haec
780 2574 938 2627 ferme:
973 2573 1059 2629 ἐγώ
1093 2586 1164 2615 σοι
1197 2573 1374 2627 φόνους
1403 2571 1647 2623 καταλέξω,
1682 2573 1745 2612 ὡν
1772 2566 1922 2624 ἐκείνη

233 2642 450 2690 παροῦσα
483 2632 684 2679 δέδωκεν
717 2631 964 2689 ἀφορμήν“
997 2632 1063 2675 Re
1186 2636 1238 2674 12
1274 2636 1400 2687 „post
1433 2629 1610 2684 ὀκνήσω
1635 2629 1813 2672 videtur
1837 2626 1923 2684 γὰρ

233 2697 299 2738 vel
331 2695 382 2739 δὲ
414 2695 585 2739 deesse*
619 2692 685 2735 Re
809 2697 862 2734 13
897 2689 1109 2748 αὐτόχειρ
1142 2688 1290 2746 ἡδέως
1323 2688 1382 2734 ἂν
1409 2691 1497 2733 Μα
1526 2692 1531 2743 Ι
1558 2687 1676 2743 πλὴν
1709 2685 1820 2731 πότε
1852 2699 1924 2730 re-

231 2754 367 2809 posui
392 2767 417 2797 e
441 2752 574 2796 libris
635 2749 746 2794 πότε
771 2751 882 2794 Ferr
943 2748 1053 2794 πότε
1077 2749 1196 2806 πλὴν
1213 2749 1315 2792 Mor
1332 2749 1399 2792 Re
1425 2748 1504 2804 qui
1531 2747 1744 2790 adnotat:
1773 2745 1923 2801 ,,πλὴν

231 2819 344 2858 reete
367 2814 487 2857 deest
511 2811 645 2866 Wolf.
678 2824 830 2855 verum
855 2811 951 2854 eius
975 2811 1069 2854 loco
1098 2810 1256 2853 malim
1280 2807 1369 2864 γὰρ
1394 2813 1479 2852 aut
1502 2806 1585 2850 σύ“
1646 2805 1758 2849 πότε
1782 2805 1923 2849 πάλιν

231 2871 392 2916 Iacobs
426 2871 532 2914 Add
557 2874 643 2914 358
767 2873 819 2913 15
855 2869 999 2925 αὐτῆς
1028 2867 1138 2912 libri
1182 2867 1272 2911 edd
1410 2871 1462 2909 17
1495 2864 1579 2921 τὴν
1605 2866 1711 2908 ansse
1734 2862 1924 2921 χηρείαν

233 2930 530 2975 inserendum
562 2929 666 2973 coni
699 2927 856 2973 Gasda
