2010 3168
207 95 314 148 154
670 93 854 139 LIBAN
854 93 898 137 H
927 91 1316 139 DEGLAMATIO
1348 95 1454 139 XVI

202 233 505 295 πιστευκὼς
545 233 622 295 εἰς
660 230 815 284 τουτὶ
860 231 922 283 τὸ
972 231 1327 299 δικαστήριον
1373 241 1596 300 πρῶτον
1640 232 1760 300 ἥκει
1803 233 1893 286 καὶ

202 329 309 375 νῦν
356 321 620 390 οὐδεμίαν
665 330 777 374 τῶν
823 319 1177 389 βεβιωμένων
1225 319 1467 384 ἐξέτασιν
1514 322 1730 389 διδούς,
1770 319 1884 374 ἀλλ’

203 409 286 463 ὅτι
325 411 397 478 μὴ
436 409 677 478 κέκριται
717 410 894 481 τούτῳ
933 411 1083 480 μόνῳ
1123 410 1492 479 τεθαρρηκώς.
1537 409 1618 462 15.
1658 408 1748 463 καὶ
1781 419 1894 473 πῶς

202 499 398 569 ἀρετῆς
438 498 648 563 δόξειεν
701 498 772 551 ἂν
819 495 962 551 εἶναι
1008 499 1187 566 κρίσις
1233 498 1266 566 ἡ
1311 497 1436 567 μηδ’
1493 499 1653 552 ὁποία
1700 501 1891 569 κρίσις.

158 610 176 642 5
203 585 369 642 οὐδὲν
430 595 571 657 γοῦν
633 587 821 657 ἕτερον
883 586 1054 640 αὐτοῦ
1116 588 1265 655 παρὰ
1323 588 1502 640 πάντα
1565 589 1662 640 τὸν
1725 590 1893 656 λόγον

201 678 424 746 ἠκούετε
465 676 564 740 ἔξω
604 685 703 730 τοῦ
737 680 991 746 λαμπροῦ
1026 678 1524 745 σεμνολογήματος·
1566 677 1639 729 οὐ
1679 676 1893 745 κέκρι-

176 768 313 835 ’μαί
353 786 530 834 ποτε,
579 766 697 819 οὐκ
736 764 1103 834 ἐξήτασμαι.
1142 767 1428 833 βεβίωκα
1484 764 1890 834 ἀνέγκλητος.

201 856 316 909 οὐκ
366 860 500 909 ἴστε
546 875 632 924 με.
688 854 793 923 ἐγὼ
843 855 903 907 δὲ
957 858 1085 917 τοὺς
1140 853 1426 917 ἐναντίους
1464 853 1604 923 <ὂὶν>
1644 852 1892 925 ἀπῄτων

199 946 346 1014 παρά
401 964 462 1012 γε
515 953 615 998 τοῦ
671 945 983 1012 φάσκοντος
1045 942 1199 1007 ἀξίου
1262 951 1419 1013 τιμῆς
1474 939 1615 996 εἶναι
1671 946 1891 1012 λόγους·

133 1057 175 1088 10
200 1034 298 1087 ἀεὶ
338 1032 478 1104 παρ’
521 1033 678 1102 ὑμῖν
718 1034 1209 1102 δεδοκίμασμαι.
1250 1033 1459 1086 πᾶσάν
1497 1053 1618 1099 μου
1657 1041 1891 1100 πεῖραν

201 1125 524 1192 εἰλήφατε.
566 1122 762 1175 οὐδὲν
810 1127 1138 1191 λαθραῖον
1185 1119 1339 1175 οὐδὲ
1385 1131 1714 1190 κρυφαῖον
1766 1131 1891 1174 τῶν

200 1212 382 1281 ε’μῶν.
452 1210 521 1264 ἐν
582 1213 783 1265 ἅπασι
844 1212 1154 1280 νενίκηκα
1222 1220 1356 1274 τοῖς
1427 1211 1889 1280 δικαστηρίοις.

200 1302 510 1354 συνίσασί
545 1321 652 1368 μοι
683 1302 799 1369 τὴν
832 1300 1067 1370 ἀρετὴν
1099 1301 1164 1353 οἱ
1192 1300 1601 1370 δικάσαντες,
1635 1301 1699 1352 οἰ
1734 1319 1889 1368 μαρ-

199 1392 622 1460 τυρήσαντες,
671 1391 736 1443 οἰ
777 1388 1143 1461 κρινομένῳ
1190 1390 1679 1458 παρεστηκότες.
1732 1387 1883 1441 ταῦτ’

133 1501 174 1533 15
198 1476 268 1548 ἦν
314 1480 485 1548 <τοῦ>
534 1485 609 1552 τῷ
660 1480 938 1532 συνειδότι
991 1480 1436 1545 πεπιστευκότος,
1490 1481 1889 1547 προκαλεῖσθαι

198 1571 327 1631 τοὺς
350 1570 839 1638 κατηγορήσοντας,
873 1567 973 1620 οὐκ
1007 1567 1436 1637 ἀποδιδράσκειν
1469 1567 1546 1629 εἰς
1576 1567 1637 1619 τὸ
1667 1565 1888 1635 ἀφανές.

109 1662 163 1706 H.
179 1662 240 1705 IX
260 1667 315 1706 34
377 1656 643 1728 κριθέντα
682 1656 783 1726 μὲν
817 1655 824 1727 Ι
861 1658 973 1725 γὰρ’
1006 1657 1105 1725 οὐχ
1146 1649 1266 1710 οἷόν
1306 1675 1364 1708 τε
1404 1656 1501 1708 τὸν
1539 1656 1610 1723 μὴ
1651 1656 1889 1724 χρηστὸν

199 1751 419 1814 λαθεῖν,
466 1747 539 1814 μὴ
587 1751 851 1814 κριθῆναι
892 1742 953 1798 δὲ
999 1749 1226 1807 πολλοῖς
1265 1743 1354 1797 καὶ
1395 1754 1506 1798 τῶν
1545 1743 1890 1796 ἀδικούντων

199 1835 428 1903 ἐγένετο.
469 1834 557 1888 καὶ
593 1837 661 1887 σὺ
694 1831 795 1904 μὲν
828 1835 1036 1902 ἄδηλον
1069 1835 1116 1887 εἰ
1147 1832 1364 1904 κριθεὶς
1403 1832 1617 1902 ἐσώθης
1656 1834 1742 1900 ἄν,
1783 1832 1887 1899 ἐγὼ

131 1947 173 1979 20
198 1925 259 1977 δὲ
297 1926 458 1995 πείρᾳ
498 1923 779 1993 δέδειγμαι
818 1925 1065 1993 καθαρὸς
1104 1919 1183 1976 ὧν
1221 1921 1458 1993 ᾐτιάμαι.
1499 1922 1646 1989 κάγὼ
1687 1918 1787 1990 μὲν
1827 1920 1887 1973 ἐν

198 2013 340 2081 φωτὶ
377 2016 589 2085 πολλῷ,
628 2014 694 2066 τὰ
733 2010 793 2065 δὲ
833 2013 902 2065 σά
943 2012 1221 2080 σκοτεινά,
1263 2011 1572 2081 ἀμάρτυρα,
1620 2010 1885 2079 ὁποῖάπερ

197 2101 267 2154 ἀν
328 2102 493 2165 αὐτὸς
552 2109 723 2155 ταῦτα
785 2102 960 2170 βούλῃ
1024 2100 1204 2169 λέγειν
1266 2093 1349 2163 οἷς
1413 2097 1632 2169 ἔλεγχος
1701 2097 1887 2161 οὐδεὶς

197 2187 428 2243 ἔπεστιν.
473 2190 554 2243 16.
595 2188 760 2244 οὐδὲν
801 2187 904 2244 οὖν
935 2188 1052 2243 ἄλλ’
1093 2190 1124 2259 ἢ
1157 2189 1325 2254 δόξαν
1363 2190 1595 2241 ἄπιστον
1626 2187 1887 2255 ἀληθείας

198 2277 582 2348 ἐξητασμένης,
654 2278 909 2349 ἀπειρίαν
976 2281 1192 2348 πείρας,
1255 2278 1504 2346 ἀμαθίαν
1574 2276 1885 2345 ἐπιστήμης,

316 2473 340 2511 2
387 2467 494 2513 οὐδὲ
534 2466 646 2524 μίαν
671 2470 760 2513 Μα
904 2475 930 2512 4
975 2469 1004 2524 ἡ
1045 2466 1154 2525 μηδ’
1192 2468 1356 2524 scripsi
1388 2481 1413 2511 θ
1439 2469 1528 2512 Μα
1603 2466 1732 2522 ἡμῶν
1767 2463 1813 2509 δ’
1843 2466 1889 2509 Ρ

197 2527 278 2571 sed
296 2524 349 2571 οὗ
369 2542 507 2584 supra
524 2528 653 2584 ἡμῶν
669 2528 739 2571 1112
859 2532 884 2571 8
910 2526 969 2573 ἂν
986 2527 1161 2571 inserui
1223 2541 1298 2570 om
1318 2528 1454 2571 MaP
1571 2531 1623 2569 11
1649 2532 1884 2581 κρυφαῖον

197 2587 360 2642 scripsi
385 2587 476 2631 coll
506 2602 551 2644 p.
587 2592 685 2642 177,
705 2591 729 2630 9
793 2595 1078 2643 κρυφιμαῐον
1097 2588 1232 2631 ΜαΡ
1351 2590 1405 2628 14
1438 2584 1692 2643 κρινομένῳ
1719 2584 1883 2640 scripsi

255 2644 530 2702 κρινομένου
558 2648 694 2690 ΜαΡ
733 2651 738 2702 Ι
787 2645 1134 2702 περιεστηκότες
1159 2647 1248 2689 Μα
1287 2648 1292 2701 Ι
1331 2651 1478 2688 ταῦτα
1505 2646 1592 2688 Μα
1715 2647 1768 2685 15
1800 2649 1882 2686 τοῦ

195 2703 369 2748 inserui
453 2719 528 2748 om
567 2706 702 2750 MaP
749 2707 754 2760 Ι
804 2707 1143 2759 προκαλεῖσθαι
1187 2704 1352 2760 scripsi
1396 2705 1584 2747 auctore
1629 2701 1801 2746 Cobeto

195 2796 560 2847 προσκαλεῖσθαι
586 2794 720 2837 ΜαΡ
855 2798 908 2836 16
941 2779 1348 2850 κατηγορήσάντας
1372 2794 1418 2837 Ρ
1470 2795 1476 2846 Ι
1533 2790 1740 2847 τάφανές
1771 2790 1881 2834 olim

196 2852 373 2896 conieci
496 2858 550 2896 18
584 2853 668 2896 οὐκ
702 2854 810 2896 auiae
834 2853 1126 2898 ἀδικούντων
1151 2851 1227 2896 del
1253 2853 1340 2896 Ma
1461 2855 1516 2894 22
1541 2857 1686 2894 ταῦτα
1719 2849 1882 2906 scripsi

256 2910 375 2955 αὐτὰ
409 2911 544 2956 ΜαΡ
568 2914 574 2968 Ι
603 2911 756 2970 βούλει
782 2913 871 2956 Μα
991 2915 1046 2954 23
1080 2908 1180 2954 ἀλλ’
1207 2912 1253 2955 Ρ
