2010 3168
113 1035 155 1066 10

116 1478 156 1510 15

117 1922 158 1953 20

181 78 284 131 178
642 77 871 122 LIBANII
900 77 1292 124 DECLAMATIO
1324 78 1431 124 XVI

176 216 308 282 μετὰ
331 224 442 267 τῶν
466 217 671 283 ψήφων
703 213 1115 283 ἀριθμούμενος
1144 215 1397 284 καθαρὸν
1427 216 1549 284 ἠχεῖ
1567 224 1867 286 πανταχοῦ,

178 305 273 356 τὸν
321 300 381 356 δὲ
429 303 532 356 σὸν
578 299 697 355 οὐδ’
752 307 809 355 εί
855 321 938 364 τις
981 301 1291 371 ὑπόχαλκος
1328 302 1361 371 ἢ
1407 305 1670 372 κίβδηλός
1717 304 1867 358 ἐστιν

178 392 280 445 οὐκ
327 393 396 444 ἄν
441 411 523 454 τις
572 392 930 461 ἰσχυρίσαιτο.
991 390 1077 444 56.
1120 390 1378 461 προέλθω
1430 391 1508 460 δέ,
1564 394 1612 445 εἰ
1657 394 1867 461 βούλει,

176 479 267 533 καὶ
323 479 408 533 ἐπὶ
462 480 528 532 τὰ
586 482 746 546 μείζω
808 480 1234 548 παραδείγματα.
1304 480 1441 549 αὕτη
1503 478 1594 533 καὶ
1654 483 1869 552 τείχους

181 569 350 639 ἰσχύς,
376 568 477 638 οὐχ
508 563 550 641 ᾧ
576 567 768 637 μηδεὶς
789 571 1104 637 προσήγαγε
1135 568 1412 637 πολέμιος,
1445 568 1562 622 ἀλλ’
1602 569 1631 622 ὃ
1662 571 1869 633 πολλὰς
1906 617 1912 621 ⁴

177 656 268 711 καὶ
308 666 656 727 στρατιωτῶν
695 655 786 710 καὶ
816 657 1219 726 μηχανημάτων
1256 660 1570 726 προσβολὰς
1601 658 1869 728 ἀπεκρού-

179 761 327 814 σατο,
368 746 550 815 ὥσπερ
591 745 761 815 οὑμὸς
791 747 911 814 βίος
949 749 1301 815 πανταχόθεν
1331 750 1727 817 προσαγόντων
1758 757 1870 800 τῶν

179 836 609 905 ὑπορυττόντων
648 836 933 902 διαβολαῖς
971 833 1061 887 καὶ
1101 838 1454 904 κακοηθείαις
1493 834 1644 889 ἐστὶν
1683 836 1870 906 ὀρθός.

177 922 268 977 καὶ
315 926 546 993 πλόιμος
601 924 704 976 οὐκ
759 923 819 976 ἐν
872 926 1080 994 γαλήνῃ
1138 925 1432 977 δείκνυται.
1488 927 1558 978 σὺ
1611 924 1712 992 μὲν
1766 921 1869 978 οὗν

180 1012 472 1082 ἀπείρατος
517 1012 789 1065 κινδύνου
833 1015 1120 1065 πολιτικοῦ
1166 1014 1435 1076 καταστὰς
1481 1014 1714 1082 ἄπλους,
1763 1012 1869 1082 ἐγὼ

180 1102 242 1154 δὲ
279 1103 518 1164 πολλοὺς
558 1110 925 1169 συκοφαντῶν
963 1100 1230 1167 ὑπέμεινα
1258 1101 1534 1170 πολέμους
1563 1101 1654 1155 καὶ
1687 1104 1872 1155 κινδύ-

180 1210 314 1252 νους
352 1190 443 1243 καὶ
483 1190 718 1259 ῥήτορας
755 1188 871 1242 κατ’
919 1188 1053 1259 ἐμοῦ
1092 1189 1359 1252 πνέοντας
1401 1192 1619 1259 ἤνεγκα.
1681 1190 1767 1244 57.
1806 1192 1872 1244 τὰ

181 1276 242 1331 δὲ
275 1282 383 1351 ζῷα
413 1288 527 1341 πῶς
559 1279 928 1348 δοκιμάζεται;
959 1282 1042 1341 τίς
1073 1279 1244 1332 ἵππον
1277 1279 1497 1333 ὠνεῖται
1528 1281 1600 1349 μὴ
1630 1283 1873 1343 πολλοὺς

182 1366 379 1430 ἐλάσας
424 1369 667 1438 δρόμους
713 1368 814 1420 οὐκ
863 1365 924 1420 ἐν
972 1368 1294 1436 ἱππασίμοις
1338 1367 1430 1421 καὶ
1476 1372 1645 1432 λείοις
1696 1371 1874 1436 μόνον

183 1456 322 1509 ἀλλὰ
367 1454 458 1509 καὶ
506 1455 567 1509 ἐν
612 1466 728 1519 τοῖς
774 1456 1100 1526 ἀποκρότοις
1152 1457 1241 1509 καὶ
1291 1458 1427 1527 πρὸς
1481 1458 1546 1510 τὰ
1601 1459 1732 1526 σιμὰ
1781 1456 1872 1511 καὶ

181 1545 317 1597 κατὰ
355 1552 625 1615 πρανοῦς;
665 1544 802 1612 αὕτη
835 1546 939 1613 γὰρ
972 1545 1157 1597 ἵππων
1187 1548 1379 1614 κρίσις.
1419 1548 1551 1613 τοὺς
1582 1544 1643 1599 δὲ
1672 1548 1871 1615 κομιδῆ

183 1635 402 1695 πώλους
442 1633 668 1701 ἄγοντες
715 1635 791 1696 εἰς
836 1634 938 1702 τὴν
972 1633 1194 1702 «ἀγορὰν
1239 1636 1569 1702 πλήθουσαν
1614 1634 1705 1688 καὶ
1742 1637 1873 1698 τοὺς

171 1722 469 1788 ,θορύβους
524 1719 725 1790 μέσους
779 1723 828 1775 εἰ
883 1723 1114 1791 φοβεροὶ
1176 1723 1500 1790 δοκιμάζετε.
1564 1723 1666 1776 οὐκ
1726 1725 1873 1792 ἤχθη

184 1809 446 1878 Κέφαλος
485 1811 563 1872 εἰς
600 1811 704 1878 τὴν
742 1810 952 1880 ἀγορὰν
1000 1809 1089 1863 ἐπὶ
1133 1813 1296 1881 πείρα
1342 1813 1470 1880 βίου
1509 1810 1629 1864 οὐδ’
1673 1813 1874 1880 ἤκουσε

183 1901 437 1967 θόρυβον
477 1899 860 1968 δικαστηρίου,
907 1899 1012 1968 ἐγὼ
1061 1896 1123 1952 δὲ
1167 1901 1408 1962 πολλοὺς
1452 1900 1577 1967 περὶ
1631 1898 1872 1969 ἐμαυτοῦ

185 1988 409 2068 δραμὼν
465 1988 708 2056 δρόμους
763 1987 962 2040 ε’νίκων
1016 1989 1273 2050 ἅπαντας.
1334 1988 1420 2040 58.
1472 1989 1519 2041 εἰ
1575 1989 1635 2042 δὲ
1689 1991 1750 2042 τὸ
1800 1991 1871 2058 μὴ

187 2241 272 2280 504
305 2176 534 2280 ΞΊΟοῃει.
567 2177 690 2222 Man.
733 2177 887 2222 chron.
922 2182 1038 2221 5333
1207 2182 1260 2221 16
1306 2177 1362 2222 cf.
1403 2179 1435 2221 t.
1465 2177 1529 2222 IV
1559 2179 1820 2233 815‚18R;
1853 2178 1873 2221 I

278 2270 290 2291 ν

308 2419 330 2455 1
378 2411 739 2469 ἀριθμουμένων
775 2413 887 2458 olim
930 2413 1107 2458 conieci
1157 2413 1163 2471 Ι
1212 2413 1432 2468 καθαρὸν
1479 2413 1645 2470 scripsi
1685 2415 1872 2458 auctore

187 2471 400 2515 Hertlino
477 2472 692 2527 καθαρὸς
725 2474 812 2516 Μα
934 2477 959 2515 2
991 2489 1036 2516 τι
1075 2472 1179 2516 coni
1212 2473 1369 2515 Gasda
1490 2477 1515 2515 3
1552 2473 1594 2516 εἰ
1623 2472 1871 2516 delendum

188 2533 346 2574 censet
375 2530 630 2585 Hertlinus‚
668 2531 717 2574 in
758 2531 825 2576 ἔτι
854 2532 1131 2575 mutandum
1162 2531 1417 2576 Buecheler
1428 2531 1640 2602 signutu
1679 2531 1872 2575 interro-

188 2589 391 2645 gationis
437 2591 545 2646 post
585 2589 941 2647 παραδείγματα
984 2595 1210 2647 ponentes
1346 2594 1372 2633 5
1413 2583 1449 2650 ᾧ
1480 2589 1644 2646 scripsi
1685 2593 1873 2634 auctore

188 2647 401 2692 Hertlino
479 2647 503 2693 ὃ
538 2650 626 2693 Ma
769 2653 792 2692 7
833 2657 926 2694 τῶν
963 2649 1138 2693 inserui
1178 2663 1282 2693 eum
1318 2636 1598 2693 Buechelero
1676 2663 1749 2693 om
1784 2650 1871 2693 Ma

308 2712 332 2750 9
358 2710 467 2763 post
489 2706 726 2751 δείκνυται
751 2709 1118 2752 enuntiationem
1151 2707 1478 2751 affirmativam
1499 2708 1725 2752 excidisse
1749 2709 1867 2752 coni

190 2766 261 2810 cio
294 2781 401 2810 eum
432 2765 589 2810 Gasda
733 2772 786 2811 13
827 2766 973 2812 ἵππον
1011 2766 1176 2823 scripsi
1208 2781 1314 2811 cum
1344 2766 1555 2810 Hertlino
1618 2766 1759 2817 ἵππος
1784 2769 1873 2811 Μα

250 2824 421 2875 ἵππους
443 2824 698 2870 Buecheler
827 2832 881 2870 15
914 2826 1027 2870 ἀλλὰ
1057 2826 1138 2870 καὶ
1161 2826 1211 2870 ἐν
1244 2826 1410 2888 scripsi
1449 2840 1552 2869 cum
1592 2825 1871 2870 Buechelero

191 2886 238 2927 et
266 2883 478 2927 Hertlino
541 2882 639 2928 ἀλλ’
675 2885 716 2928 εἰ
751 2885 830 2928 καὶ
869 2885 930 2941 μὴ
958 2886 1043 2928 Μα
