2010 3168
433 88 664 134 MOROSI
695 89 905 134 FILIUM
934 88 1296 135 ABDICANTIS
1328 89 1550 136 ORATIO
1730 91 1833 144 551

149 235 368 297 πρῶτον
413 226 515 295 μὲν
561 227 614 279 εἰ
656 227 826 279 παῖδα
875 223 1142 295 ἐγέννησα
1189 226 1292 295 τὴν
1341 226 1539 296 ἀρχήν,
1593 221 1701 280 εἶθ’
1755 227 1839 281 ὅτι

147 313 545 383 καταγέλαστος
606 315 753 386 αὐτῷ
816 315 1101 384 νομισθεὶς
1163 314 1230 367 οὐ
1284 315 1560 385 βούλομαί
1616 336 1669 369 τι
1729 325 1840 369 τῶν

149 404 294 474 ἐμῶν
332 408 674 469 καταλιπεῖν;
714 405 762 457 2.
796 405 844 457 εἰ
874 400 976 473 μὲν
1009 399 1115 457 οὗν
1152 404 1465 474 ἠπιστάμην
1508 406 1580 468 ὡς
1613 405 1840 459 πλείονά

149 513 215 560 με
255 488 334 546 ὧν
373 493 642 560 βούλομαι
682 497 870 547 λαλεῖν
909 492 1242 561 ἀναγκάσετε
1286 491 1378 546 καὶ
1426 493 1492 547 οὐ
1539 501 1703 548 τοῦτο
1750 495 1840 564 μό-

147 602 250 635 νον
303 582 472 635 εἰπὼν
525 582 587 634 τὸ
652 582 725 635 οὐ
789 582 1113 652 βούλομαι
1175 589 1416 636 τοῦτον
1478 577 1652 637 εἷναι
1713 592 1840 636 τῶν
1886 603 1906 636 5

148 670 316 740 ἐμῶν
354 673 769 741 κληρονόμον
809 671 983 734 εὐθὺς
1021 671 1181 740 ὑμῶν
1220 670 1611 741 ἀπαλλάξομαι,
1661 671 1753 726 καὶ
1792 673 1840 726 εἰ

148 760 408 830 διερράγη
465 764 644 827 γελῶν
698 755 885 828 οὗτος,
941 759 1043 813 οὐκ
1098 760 1168 812 ἄν
1220 777 1352 813 ποτε
1407 761 1573 829 δεῦρο
1634 763 1840 830 εἰσελη-

147 850 368 902 λύθειν·
406 855 515 901 νῦν
562 846 620 902 δὲ
670 848 824 912 ἐντὸς
868 849 974 918 ἤδη
1022 869 1116 918 μοι
1166 856 1263 902 τοῦ
1302 851 1704 920 βουλευτηρίου
1753 870 1839 919 γε-

146 937 425 1010 γενημένῳ
466 940 817 1008 κακοδαίμων
855 959 937 1002 τις
975 939 1244 1008 πρύτανις
1282 940 1640 1008 προσελθών,
1681 938 1840 992 ἀλλὰ

145 1028 250 1082 καὶ
289 1029 399 1091 τὰς
436 1029 652 1091 αἰτίας
690 1027 962 1098 ἀνάγκη,
995 1031 1150 1099 φησί,
1188 1027 1577 1097 καταλέγειν
1614 1029 1721 1082 καὶ
1760 1028 1840 1092 ὡς
1866 1049 1907 1082 ιο

147 1118 412 1186 εὔλογοι
452 1118 797 1171 δεικνύναι
835 1116 942 1171 καὶ
977 1118 1267 1171 πιθανὸν
1307 1113 1478 1171 εἶναι
1516 1126 1655 1181 τοῖς
1685 1119 1839 1186 βου-

147 1211 413 1269 λευταῖς
473 1205 577 1259 κᾶν
640 1206 785 1260 οὕτω
836 1208 990 1278 τύχῃ,
1043 1215 1160 1270 τοῖς
1212 1207 1547 1270 πολυλάλοις
1594 1207 1840 1260 τουτοισὶ

150 1295 414 1366 ῥήτορσιν
462 1294 817 1365 ἀντιλέγοντα
864 1297 1337 1367 διαρρήγνυσθαι,
1389 1294 1514 1349 ὥστ’
1560 1293 1771 1350 ἔλαθον
1809 1296 1838 1350 ὁ

146 1385 373 1452 μάταιος
413 1383 535 1448 ἑνὸς
574 1384 954 1455 ἀπαλλαγῆναι
987 1386 1326 1455 βουλόμενος
1362 1387 1582 1455 μυρίοις
1619 1387 1841 1455 θηρίοις

148 1473 384 1541 ἐμαυτὸν
424 1472 691 1543 ἐμβαλών.
732 1472 850 1527 ἀλλ’
889 1475 984 1528 ἵνα
1015 1479 1226 1528 θᾶττον
1262 1473 1633 1543 ἀπαλλαγείην
1663 1473 1840 1543 ὑμῶν,
1863 1494 1906 1527 15

148 1562 252 1633 ε’ρῶ
293 1564 358 1615 τὰ
399 1564 674 1617 δοκοῦντα
706 1564 800 1617 διὰ
839 1562 1106 1634 βραχέων,
1145 1565 1214 1616 ἄν
1253 1583 1310 1616 τε
1350 1555 1433 1626 οἷς
1464 1560 1604 1631 λέγω
1643 1561 1840 1632 προσέ-

147 1671 265 1721 χειν
303 1651 526 1721 ἐθέλητε
567 1654 638 1706 ἄν
675 1672 750 1721 τε,
791 1653 864 1716 ὡς
909 1650 1041 1716 ἔθος
1085 1652 1242 1720 ὑμῖν,
1292 1651 1498 1721 ἀλλαχῆ
1538 1650 1840 1722 κεχηνέναι.

261 1741 309 1794 3.
342 1739 436 1794 Ἐκ
474 1749 569 1811 τῆς
609 1740 860 1811 ἐσχατιᾶς
898 1740 1091 1815 πρῴην
1130 1742 1206 1805 εἰς
1243 1741 1304 1795 τὸ
1345 1742 1480 1794 ἄστυ
1512 1737 1735 1811 κατῄειν
1772 1741 1840 1794 οὐ

147 1835 346 1883 ποθῶν
383 1851 435 1884 τι
473 1840 584 1883 τῶν
623 1832 752 1901 τῇδε
791 1831 1126 1899 θεάσασθαι,
1165 1831 1238 1899 μὴ
1278 1831 1384 1900 γὰρ
1417 1830 1561 1884 οὕτω
1595 1831 1840 1899 διαφθα-

148 1921 303 1988 ρείην
342 1919 414 1982 ὡς
461 1921 767 1973 σπουδαῖόν
812 1940 864 1973 τι
911 1923 1135 1990 νομίσαι
1182 1929 1294 1973 τῶν
1331 1916 1457 1989 παρ’
1503 1919 1661 1986 ὑμῖν,
1700 1917 1839 1972 ἀλλὰ
1863 1941 1907 1972 20

268 2099 321 2139 18
355 2095 413 2140 cf.
446 2098 480 2139 t.
516 2095 559 2139 V
591 2100 691 2150 535,
712 2100 789 2150 123
823 2100 1022 2152 540‚15;
1057 2099 1254 2151 545,19;
1288 2099 1432 2150 559‚2

268 2264 322 2303 18
355 2259 383 2316 ἡ
415 2258 694 2310 κατάστασις
723 2258 774 2303 in
803 2273 939 2317 marg
970 2259 1064 2304 Va'

268 2412 290 2451 1
323 2406 559 2465 τηναρχὴν
584 2407 711 2451 BVa
831 2412 856 2451 3
890 2405 977 2452 οὖν
1000 2407 1126 2452 inser
1149 2407 1226 2452 (11³
1253 2409 1260 2464 Ι
1286 2406 1549 2464 ἠπιστάμην
1576 2407 1628 2452 ΟΖ
1659 2404 1741 2449 sed
1772 2404 1838 2461 ἠπ

147 2467 197 2509 in
225 2479 302 2509 ras
333 2466 404 2509 m³
522 2471 549 2510 4
582 2462 647 2511 ὧν
673 2466 727 2512 ΟΖ
756 2467 833 2511 sed
869 2485 896 2512 v
927 2467 1052 2511 inser
1082 2467 1153 2511 m⁸
1280 2471 1306 2510 5
1339 2466 1487 2511 εἰπεῖν
1512 2466 1618 2511 HV
1659 2466 1666 2518 Ι
1717 2459 1839 2509 εἶναι

147 2533 313 2570 τοῦτον
347 2526 417 2569 Va
452 2528 458 2581 Ι
499 2532 634 2570 τοῦτο
666 2525 734 2570 Re
856 2531 882 2570 6
916 2527 958 2571 εἰ
988 2527 1068 2570 καὶ
1101 2528 1170 2571 Va
1289 2530 1315 2569 8
1348 2543 1425 2583 μοι
1457 2540 1532 2569 om
1557 2525 1726 2570 BClM

149 2589 173 2627 9
207 2582 276 2635 τίς
300 2584 452 2629 ΗΟῑΒ
465 2585 534 2629 Va
655 2590 709 2629 10
740 2584 887 2643 λέγειν
921 2587 990 2631 Va
1112 2591 1164 2630 11
1200 2585 1390 2642 εὔλογον
1417 2586 1471 2631 Ul
1492 2584 1594 2629 Mor
1620 2586 1627 2640 1
1655 2585 1836 2627 δεικνῦ-

149 2705 228 2732 ναι
253 2688 343 2732 edd
466 2692 520 2731 12
551 2662 682 2746 τύχέι
708 2690 776 2734 Va
834 2689 966 2748 τύχοι
992 2690 1104 2734 ΟΖΜ
1226 2693 1280 2733 15
1303 2689 1378 2733 lac
1403 2694 1429 2732 ὃ
1453 2688 1533 2731 litt
1556 2687 1666 2730 ante
1690 2686 1834 2730 ἀπαλ-

148 2789 337 2849 λαγείην
371 2792 440 2836 Va
561 2796 614 2835 16
646 2792 896 2850 προσέχητε
929 2792 1030 2837 Μοι·
1057 2794 1062 2849 Ι
1091 2791 1279 2849 ἐθέλητε
1310 2807 1384 2836 om
1413 2791 1514 2835 Mor
1636 2794 1688 2832 17
1722 2762 1836 2833 ἀλλά

157 2851 228 2895 Va
350 2854 404 2894 18
435 2851 596 2908 πρώην
626 2851 736 2895 libri
759 2851 828 2896 Re
854 2854 862 2909 Ι
888 2851 939 2896 τὸ
970 2851 1145 2896 inserui
1169 2865 1194 2896 e
1227 2851 1416 2897 VaOlM
1472 2864 1548 2894 om
1572 2850 1628 2894 H
1636 2849 1718 2893 VB
1742 2848 1834 2893 edd

150 2908 207 2953 of.
238 2924 284 2966 p.
310 2914 411 2965 553,
431 2915 485 2954 12
609 2914 661 2954 19
693 2908 738 2954 τί
761 2912 819 2955 Η
