2010 3168
190 73 294 126 182
654 56 883 116 LIBANII
912 69 1303 116 DECLAMATIO
1335 69 1442 114 xvi

187 208 216 262 ὁ
259 210 430 278 δῆμος
469 209 617 278 παρὰ
663 217 779 271 τοῖς
804 207 1068 277 ““Ἐλλησιν
1114 207 1482 272 ἐπολιτεύετο,
1529 207 1631 260 οὐκ
1678 205 1748 260 ἂν
1793 222 1880 261 σε-

186 299 449 367 μνότερος
486 293 557 365 ’ἧν
595 305 707 350 τῶν
745 295 1070 366 Μεγαρέων,
1109 298 1188 348 ἔτι
1227 294 1318 348 καὶ
1349 302 1457 350 νῦν
1488 294 1558 348 ἂν
1588 293 1681 348 ὑπ’
1720 297 1880 364 Αἰγι-

186 395 367 455 νητῶν
422 385 481 439 ἐκ
532 385 809 453 θαλάττης
856 384 1083 455 εἴργετο.
1136 378 1244 438 νῦν
1291 384 1352 437 δὲ
1396 385 1881 453 παραβαλλόμενος

185 473 275 527 καὶ
346 475 705 537 διαποντίους
767 473 1167 542 ἀναιρούμενος
1235 471 1509 542 πολέμους
1569 475 1746 526 καίτοι
1806 474 1879 542 μὴ

140 585 159 616 5
184 563 362 616 πάντα
423 572 595 616 νικῶν
655 571 773 625 τοῖς
826 563 1112 625 κινδύνοις
1164 563 1225 615 τὸ
1280 570 1552 632 πρωτεῖον
1606 561 1880 630 ἐκτήσατο.

187 651 271 704 64.
312 660 459 704 πᾶσα
505 660 574 721 γῆ
622 650 713 704 καὶ
761 652 1009 704 θάλαττα
1055 659 1155 704 τοῦ
1204 651 1381 720 δήμου
1429 651 1495 703 τὰ
1542 651 1880 720 δικαστήρια,

185 739 246 793 ἐν
302 733 386 802 οἷς
435 742 655 809 βασιλεῖ
688 739 790 807 μὲν
842 750 953 792 τῶν
1000 743 1239 806 Περσῶν
1286 739 1410 809 περὶ
1463 746 1562 807 τῆς
1600 738 1881 807 Ἑλλάδος,

183 830 421 898 ὕστερον
468 826 530 882 δὲ
577 829 666 882 καὶ
714 836 809 898 τῆς
848 827 1033 891 Ἀσίας
1084 827 1381 896 ἐδικάζετο,
1422 829 1883 897 Λακεδαιμονίοις

187 915 248 971 δὲ
286 916 376 971 καὶ
416 919 482 971 τὰ
519 922 806 971 τελευταῖα
849 920 1115 986 Θηβαίοις
1153 915 1279 986 περὶ
1319 924 1414 984 τῆς
1451 916 1761 986 ἡγεμονίας.
1803 918 1882 969 τί-

120 1026 162 1058 10
187 1027 286 1069 νας
331 1006 649 1069 ἀντιδίκους
696 1006 798 1059 οὐκ
845 1004 1186 1059 ἐπεσπάσατο
1233 1007 1504 1075 μηδεμίαν
1549 1007 1883 1075 κατηγορίαν

186 1097 393 1163 ἄλογον
455 1095 810 1165 εὐλαβηθείς;
872 1093 963 1148 καὶ
1025 1095 1130 1164 γὰρ
1195 1094 1396 1161 ὁμοίως
1457 1093 1576 1162 ἐμοὶ
1639 1093 1881 1163 κέκριται

187 1184 449 1246 πολλάκις
501 1183 562 1236 ἐν
609 1185 986 1253 Λακεδαίμονι
1033 1186 1363 1254 Κορινθίων
1408 1183 1882 1252 κατηγορούντων.

189 1272 248 1325 ἐν
286 1282 402 1335 τοῖς
427 1270 656 1340 ’Ἕλλησι
693 1280 828 1325 πᾶσι
867 1273 1036 1326 πάλιν
1075 1274 1337 1340 Θηβαίων
1378 1273 1883 1340 συκοφαντούντων

186 1360 396 1430 ἠνέχθη
428 1359 519 1414 καὶ
552 1361 679 1432 περὶ
709 1370 822 1414 τῶν
843 1359 1157 1430 Ἀθηναίων
1181 1362 1311 1429 (τῆς
1333 1359 1577 1428 πόλεως)
1601 1368 1787 1430 ψῆφος
1810 1361 1884 1423 ὡς

123 1471 163 1503 15
189 1447 313 1519 περὶ
354 1449 505 1518 ἐμοῦ,
544 1449 636 1503 καὶ
676 1451 1031 1520 διαφυγοῦσα
1069 1451 1166 1513 τὰς
1205 1451 1381 1512 αἰτίας
1419 1451 1515 1512 τὰς
1552 1450 1711 1518 τιμὰς
1749 1449 1883 1518 ἀπη-

189 1537 438 1607 νέγκατο,
478 1540 579 1608 τὴν
611 1540 967 1609 αὐτονομίαν,
1005 1540 1071 1592 τὰ
1111 1541 1276 1608 τείχη,
1316 1539 1418 1606 τὴν
1456 1537 1753 1592 θάλατταν.
1791 1537 1882 1591 καὶ

190 1628 295 1695 γὰρ
329 1635 425 1696 τῆς
455 1631 752 1697 πολεμικῆς
792 1628 1079 1699 δυνάμεως
1119 1628 1186 1681 οὐ
1225 1629 1326 1696 τὴν
1364 1628 1588 1696 πεζικὴν
1627 1628 1817 1696 εἵλετο,
1848 1621 1884 1697 ᾗ

190 1715 361 1768 πλέον
399 1716 632 1786 ὑπάρχει
680 1717 741 1769 τὸ
788 1716 1018 1786 βέβαιον
1065 1717 1143 1779 εἰς
1189 1716 1522 1786 ἀσφάλειαν,
1570 1715 1708 1769 ἀλλὰ
1754 1718 1884 1779 τοὺς

191 1802 252 1857 ἐν
287 1812 351 1874 τῇ
384 1806 631 1875 θαλάττῃ
664 1806 982 1874 κινδύνους,
1016 1805 1088 1868 ὡς
1119 1813 1231 1858 τῶν
1261 1807 1527 1872 μειζόνων
1560 1803 1621 1858 ἐν
1652 1811 1726 1877 τῷ
1758 1823 1882 1857 κατ-

120 1914 163 1946 20
189 1898 406 1960 ορθοῦν
460 1893 692 1961 ἀγαθῶν
755 1896 982 1957 αἰτίους.
1047 1895 1206 1947 ὤνιοι
1269 1894 1372 1963 γὰρ
1438 1902 1549 1946 τῶν
1600 1893 1884 1947 κινδύνων

192 1980 335 2034 εἰσὶν
375 1983 437 2035 αἱ
471 1981 621 2052 τιμαὶ
661 1983 754 2036 καὶ
793 1982 957 2053 ἀνδρὶ
994 1981 1086 2036 καὶ
1126 1984 1293 2055 δήμῳ.

97 2075 355 2119 H.XH221
410 2070 495 2124 65.
532 2071 537 2140 Ι
582 2072 849 2140 Τοιαύτης
881 2067 986 2125 οὖν
1020 2073 1230 2134 πόλεως
1260 2069 1367 2139 ἐγὼ
1399 2068 1750 2141 προεστηκὼς
1782 2070 1883 2123 οὐκ

190 2158 260 2212 ἂν
291 2162 635 2232 μιμησαίμην
666 2161 727 2212 τὸ
760 2161 953 2213 κοινὸν
984 2161 1336 2231 δραστήριον,
1376 2161 1441 2212 τὰ
1482 2156 1542 2212 δὲ
1582 2160 1650 2212 σὰ
1688 2161 1883 2227 μελλή-

305 2280 333 2318 4
349 2274 531 2318 Thuc.1
551 2280 686 2327 141,2
810 2280 864 2318 12
884 2275 941 2319 cf.
959 2291 1003 2332 p.
1018 2281 1040 2318 1
1054 2290 1120 2331 sq.
1252 2279 1306 2319 13
1324 2274 1638 2319 Xen.He11.11
1655 2279 1694 2328 2,
1709 2279 1761 2318 19

189 2338 243 2377 14
262 2333 485 2390 cf.p.222‚
498 2339 545 2388 93
571 2334 658 2378 t.11
675 2338 775 2389 504,
788 2339 835 2389 13
859 2335 966 2379 t.1V
977 2339 1166 2390 825‚32;
1193 2334 1412 2390 826‚13R
1533 2339 1587 2377 23
1606 2332 1809 2377 Thuc.11
1825 2338 1881 2378 63

326 2442 348 2480 1
384 2437 469 2481 οὐκ
503 2437 667 2493 scripsi
737 2436 841 2482 οὐδ’
871 2438 961 2482 Μα
1105 2443 1130 2481 2
1162 2432 1222 2493 ἦν
1251 2445 1344 2482 τῶν
1378 2437 1543 2493 scripsi
1617 2431 1769 2493 ἦστῶν
1794 2438 1883 2480 Ma

188 2496 271 2540 sed
304 2510 329 2539 σ
361 2509 416 2540 ex
446 2513 473 2540 ν
507 2510 608 2540 corr
638 2496 708 2539 m²
851 2500 876 2539 3
910 2495 1083 2553 εἴργετο
1116 2496 1282 2552 scripsi
1357 2495 1491 2554 ἤγετο
1519 2497 1608 2540 Μα
1742 2500 1769 2538 4
1801 2496 1883 2539 ἀν-

190 2555 468 2611 αιρούμενος
499 2555 665 2611 scripsi
697 2558 887 2599 auctore
918 2555 1131 2600 Hcrtlino
1194 2554 1471 2612 αἱρούμενος
1496 2555 1584 2598 Μα
1611 2555 1617 2611 Ι
1655 2552 1884 2610 πολέμους

191 2614 358 2670 scripsi
391 2613 482 2658 coll
513 2614 655 2658 Thuc.
682 2614 712 2658 l.
737 2614 767 2658 1.
829 2612 1007 2666 πόνους
1033 2616 1121 2659 Ma
1242 2619 1267 2657 9
1299 2613 1358 2658 τὰ
1388 2616 1627 2658 τελευταῖα
1656 2609 1882 2671 Θηβαίοις

191 2675 298 2730 post
329 2670 579 2730 ἡγεμονίας
605 2675 694 2718 Μα
767 2674 1037 2730 transposui
1180 2678 1234 2717 14
1266 2670 1475 2729 Ἀθηνῶν
1506 2671 1761 2716 Buecheler
1794 2673 1883 2728 „ad

191 2734 309 2777 hauc
339 2730 476 2776 πόλιν
506 2733 672 2787 ‘referri
701 2733 880 2777 videtur
910 2734 1228 2789 διαφυγοῦσα,
1261 2747 1374 2788 quae
1403 2737 1636 2776 structura
1673 2731 1726 2786 fit
1762 2730 1882 2774 κατὰ

192 2791 389 2845 σύνεσιν,
401 2792 577 2848 alioqui
592 2792 883 2836 adiciendum
898 2791 927 2847 ἡ
943 2791 1077 2843 πόλις
1084 2797 1190 2848 post
1207 2789 1385 2841 αἰτίας“
1403 2790 1407 2850 Ι
1424 2795 1503 2846 τῆς
1518 2788 1692 2839 πόλεως
1707 2789 1881 2833 inserui

193 2849 283 2894 coll
298 2849 345 2893 U.
363 2849 411 2893 ll.
535 2855 590 2894 23
616 2847 901 2907 μιμησαίμην
926 2851 1089 2907 scripsi
1111 2852 1300 2894 auctore
1316 2849 1528 2892 Hcrtlino
1592 2847 1882 2905 ἐμιμησάμην

196 2910 283 2952 Μα
310 2911 316 2965 Ι
344 2907 622 2964 δραστήριον
654 2909 819 2965 scripsi
850 2908 942 2952 coll
972 2909 1114 2953 Thuc.
1141 2909 1170 2953 1.
1197 2909 1228 2953 1.
1290 2907 1587 2964 δικαστήριον
1613 2908 1703 2951 Μα
