2010 3168
210 96 320 148 300
680 96 863 140 LIBAN
864 96 907 139 11
936 96 1327 140 DECLAMATIO
1361 97 1445 140 XX

209 246 306 284 σει
346 239 418 301 τῇ
457 229 604 300 περὶ
645 241 773 283 τῶν
806 235 1091 285 πολιτῶν
1129 233 1410 301 βραδεῖς.
1449 233 1562 300 ἥκω
1595 235 1791 287 τοίνυν
1822 235 1906 297 εἰς

207 321 268 373 τὸ
300 322 719 390 βουλευτήριον,
758 321 962 389 φθάνω
994 321 1054 373 τὸ
1090 322 1348 390 ψήφισμα
1379 321 1440 374 τὸ
1471 321 1740 390 ὑμέτερον
1769 322 1909 391 πρὶν

209 410 408 462 δοῦναι
461 409 558 471 τὰς
597 407 927 479 ἀποκρίσεις.
984 408 1043 462 ἐκ
1098 409 1613 478 δημοκρατουμένης
1674 412 1753 463 ἔτι
1806 418 1907 478 τῆς

205 500 413 560 πόλεως
452 497 884 564 ἀπαλλάσσομαι.
933 497 1071 551 ἀλλὰ
1118 499 1190 566 μὴ
1238 499 1377 568 λάβῃ
1423 518 1490 565 με
1514 501 1807 561 ’Φίλιππος
1847 498 1905 562 ἐξ

162 584 514 654 εἈθηναίων
553 586 627 648 ὡς
659 587 1017 655 αἰχμάλωτον.
1059 585 1385 656 ἐξαρκοῦσιν
1423 588 1476 640 οἱ
1507 585 1702 660 πρῴην
1735 586 1900 640 ἑαλω-

204 677 372 737 κότες.
430 674 514 727 10.
560 675 673 742 ἥκω
729 675 798 743 δὴ
851 675 1119 737 πεπεικὼς
1174 674 1412 741 ἐμαυτὸν
1466 673 1706 744 ἔννομον
1759 672 1904 743 ἔχων

113 768 235 813 RIV
252 772 338 812 820
384 761 475 816 καὶ
515 763 773 832 λαμπρὰν
810 765 912 831 τὴν
950 765 1222 832 βούλησιν
1257 764 1263 832 Ι
1298 771 1396 816 τοῦ
1429 763 1695 817 θανάτου.
1735 771 1903 816 τοῦτο

206 851 426 923 ἔξαρκες
471 852 533 905 τὸ
579 853 928 922 προελέσθαι.
982 853 1080 905 τὸν
1133 849 1234 918 μὲν
1287 853 1390 922 γὰρ
1445 852 1744 905 ἀδικοῦντα
1792 851 1900 916 ἐξε-

203 939 479 994 τασθέντα
525 941 617 993 καὶ
662 940 929 1009 κριθέντα
983 941 1068 993 δεῖ
1111 942 1213 1009 τὴν
1267 942 1535 1011 τιμωρίαν
1580 940 1901 1010 ὑπομένειν,

138 1051 182 1084 ιο
204 1031 304 1082 τὸν
343 1030 726 1098 δυστυχοῦντα
766 1026 827 1082 δὲ
860 1032 1095 1098 θελῆσαι
1126 1031 1312 1096 μόνον.
1353 1030 1455 1082 οὐκ
1495 1026 1608 1082 ἔστι
1641 1049 1734 1096 μοι
1772 1028 1902 1098 περὶ

205 1119 413 1187 δωρεᾶς
451 1117 481 1170 ὁ
530 1120 718 1186 λόγος,
773 1118 875 1171 οὐκ
925 1119 1040 1170 ἔστι
1091 1137 1186 1185 μοι
1231 1116 1356 1188 περὶ
1403 1118 1774 1187 κηρύγματος,
1821 1116 1892 1171 ἵν’

205 1205 523 1274 ἀντιλέγητε
562 1207 652 1258 καὶ
692 1207 963 1274 κωλύητε,
1014 1207 1106 1259 ἵνα
1145 1210 1474 1275 βασκαίνητε
1519 1206 1610 1259 καὶ
1651 1212 1905 1276 φθονῆτε

209 1287 292 1357 οἷς
330 1295 432 1363 οὐχ
473 1295 631 1348 ὅσιον
663 1301 920 1363 φθονεῖν.
964 1296 1048 1348 ll.
1080 1298 1256 1364 πολλή
1288 1316 1366 1364 γε,
1407 1297 1478 1358 ὡς
1511 1298 1705 1364 ἔοικεν,
1743 1297 1776 1363 ἡ
1809 1315 1901 1363 με-

207 1385 413 1452 ταβολὴ
453 1382 646 1451 γέγονε
685 1394 798 1436 τῶν
831 1381 1101 1453 Ἀθήνησι
1139 1386 1475 1455 πραγμάτων
1515 1381 1646 1437 οὐδὲ
1692 1384 1904 1437 ἀποθα-

136 1494 177 1527 15
201 1483 322 1541 νεῖν
362 1472 535 1536 ἔξεστι
575 1473 1041 1542 βουλευσάμενον,
1082 1473 1220 1526 ἀλλὰ
1260 1480 1711 1542 συκοφαντοῦσιν
1743 1473 1904 1541 ἡμῶν·

201 1562 298 1623 τὰς
344 1561 649 1630 συμφοράς.
697 1570 793 1614 ποῖ
838 1562 907 1629 δὴ
964 1561 1236 1630 τράπηταί
1279 1581 1383 1631 τις,
1435 1570 1531 1614 ποῖ
1584 1562 1902 1631 καταφύγῃ;

200 1650 348 1718 παρὰ
401 1650 571 1701 τίνων
624 1650 849 1718 εὕρηται
903 1651 1110 1718 ταύτην
1163 1652 1263 1719 τὴν
1318 1638 1773 1719 φιλανθρωπίαν;
1829 1650 1901 1704 ἂν

201 1737 351 1801 ἄξιος
389 1732 424 1807 ᾖ
462 1746 561 1790 τοῦ
611 1741 707 1806 ζῆν
745 1758 852 1807 τις,
900 1738 1281 1807 ἀποθνήσκειν
1326 1741 1528 1791 τοῦτόν
1575 1755 1711 1807 φασι
1751 1740 1902 1792 δεῖν·

201 1824 271 1879 ἂν
311 1825 434 1890 ἄξια
472 1827 723 1879 θανάτου
761 1827 1247 1895 πεπολιτευμένος,
1295 1831 1391 1896 ζῆν
1438 1828 1615 1899 τούτῳ
1663 1846 1899 1896 παρακε-

135 1937 179 1970 20
203 1915 472 1968 λεύονται.

314 2003 396 2056 12.
458 2005 677 2073 Ταύτην
735 2002 838 2071 μὲν
902 2010 1030 2067 ἴσως
1094 2003 1218 2072 ἐξῆν
1280 2006 1382 2074 τὴν
1437 2006 1651 2075 δωρεὰν
1705 2007 1899 2073 λαβεῖν

318 2139 344 2177 3
389 2134 439 2178 ἐκ
479 2133 916 2191 δημοκρατουμένης
955 2134 1119 2192 scripsi
1153 2150 1257 2179 cum
1295 2134 1505 2179 Iacobsio
1539 2134 1707 2178 Schulz
1747 2139 1803 2178 57
1849 2137 1899 2179 et

201 2193 382 2238 Sinteni
445 2193 935 2250 ἐκδημοκρατουμένης
965 2194 1073 2238 libri
1097 2194 1166 2237 Re
1286 2199 1313 2236 4
1347 2193 1699 2250 ἀπαλλάσσομαι
1729 2193 1897 2250 scripsi

201 2253 439 2297 exHVLi
499 2253 821 2309 ἀπαλλάσομαι
842 2255 945 2297 Mat
1005 2252 1295 2310 ἀπολλάσομε
1314 2255 1433 2297 Mon
1468 2254 1544 2296 sed
1574 2251 1896 2310 ἀπαλλάξομαι

199 2312 249 2355 in
287 2326 421 2368 marg
451 2311 520 2354 m'
559 2325 681 2368 quae
721 2314 793 2356 est
831 2312 1019 2355 Hardtii
1059 2313 1313 2356 secundum
1344 2312 1608 2355 Iacobsium
1640 2311 1806 2354 Schulz
1840 2316 1897 2355 57

260 2370 583 2426 ἀπαλλάξομαι
622 2371 689 2414 Re
745 2373 751 2426 Ι
809 2371 924 2414 ἀλλὰ
962 2371 1022 2427 μὴ
1063 2371 1226 2427 scripsi
1267 2385 1371 2414 cum
1410 2371 1620 2414 Jacobsio
1659 2371 1772 2414 Lect
1806 2374 1896 2414 150

201 2428 368 2473 Schulz
394 2434 448 2472 57
483 2432 531 2472 et
563 2429 743 2473 Sinteni
820 2427 920 2474 ἀλλ’
949 2427 1008 2474 ἂν
1034 2430 1098 2474 Li
1169 2430 1282 2473 ἀλλὰ
1306 2430 1362 2472 H
1369 2430 1639 2474 VMatMon
1671 2429 1737 2472 Re
1788 2432 1795 2486 Ι
1847 2430 1897 2482 ἐξ

200 2488 365 2544 scripsi
397 2503 453 2531 ex
476 2490 535 2532 H
540 2489 752 2533 VMath·
784 2503 889 2532 cum
919 2488 1128 2532 Iacobsio
1161 2491 1207 2532 et
1239 2489 1419 2532 Sinteni
1487 2490 1538 2533 ἐν
1564 2490 1683 2532 Mon
1711 2489 1777 2532 Re

201 2551 227 2590 5
269 2548 433 2603 πρώην
476 2546 585 2590 libri
626 2547 694 2590 Rc
839 2553 863 2590 6
911 2547 1108 2603 ἔννομον
1152 2547 1317 2603 scripsi
1394 2545 1539 2603 νόμον
1582 2547 1692 2590 libri
1732 2547 1898 2592 lacobs

201 2606 406 2651 Sintenis
482 2604 639 2661 νόμων
679 2606 744 2650 Re
890 2611 916 2650 8
960 2606 1171 2661 ἔξαρκεσε
1203 2607 1313 2651 Mat
1368 2610 1374 2662 Ι
1429 2606 1511 2650 τὸν
1549 2632 1606 2638 —-
1647 2611 1703 2650 10
1750 2605 1896 2662 μόνον

201 2665 318 2708 citat
359 2665 628 2721 praemissis
670 2665 823 2708 verbis
864 2671 948 2720 τῆς
989 2666 1174 2722 μελέτης
1219 2666 1268 2710 ἐν
1306 2658 1335 2724 ᾗ
1378 2663 1686 2722 Λημοσθένης
1728 2665 1897 2709 εαυτὸν

199 2724 528 2780 προσαγγέλλει
543 2723 777 2767 Macarius
794 2723 949 2767 f0182
975 2726 982 2780 Ι
1009 2723 1097 2780 γὰρ
1115 2738 1189 2768 om
1202 2711 1363 2767 Macar
1469 2728 1523 2768 10
1542 2723 1592 2766 δὲ
1611 2726 1895 2781 δυστυχοῦν-

197 2798 256 2826 τα
288 2785 571 2838 ὃιαθελῆσαι
602 2782 761 2826 Macar
904 2787 958 2826 13
992 2783 1122 2827 ἔοικα
1148 2785 1264 2827 Mon
1410 2787 1465 2826 15
1505 2783 1580 2826 καὶ
1617 2785 1725 2826 ante
1758 2796 1895 2826 συκο-

199 2848 460 2896 φαντοῦσιν
479 2843 709 2886 MatMon
732 2841 799 2884 Re
862 2841 1011 2885 delevi
1135 2848 1186 2886 17
1222 2841 1332 2898 εῧρη
1353 2843 1419 2885 Li
1538 2845 1592 2884 18
1618 2839 1687 2891 τίς
1712 2842 1779 2885 Li

187 2905 253 2946 .21
281 2899 389 2955 ἐξῆν
414 2901 537 2943 inser
563 2900 622 2944 V²
683 2902 787 2955 ἐξῆν
806 2901 1036 2945 ΛΜαιΜοη
1060 2902 1140 2944 sed
1165 2901 1213 2943 in
1242 2901 1329 2944 hoc
1353 2900 1376 2952 ξ
1401 2912 1542 2955 supra
1566 2903 1591 2952 ζ
1610 2900 1681 2942 m²
1740 2914 1814 2944 om
1841 2900 1900 2943 Η
