2010 3168
141 1083 184 1114 10

145 1525 186 1558 15

203 126 313 179 210
668 126 896 171 LIBANII
925 125 1316 171 DECLAMATIO
1348 127 1477 171 XVII

203 262 269 314 τὰ
307 260 435 332 παρ’
482 261 672 334 ἐκείνῳ
712 271 1000 331 μενοῦντα.
1041 262 1139 314 34.-
1168 263 1235 315 οὐ
1274 264 1470 317 τοίνυν
1506 263 1539 332 ἡ
1579 265 1756 334 βλάβη
1795 267 1895 334 μό-

203 371 306 404 νον
344 359 443 404 τοῠ
481 353 860 421 παρελθόντος
898 353 1103 420 χρόνου
1137 348 1268 404 οὐδὲ
1300 360 1572 406 τοσοῦτον
1602 352 1895 424 κεκέρδακε

209 442 484 502 Φίλιππος
515 439 650 493 ὅσον
681 439 870 508 μηκέτι
903 442 1207 508 φοβεῖσθαι
1237 439 1362 509 περὶ
1395 436 1474 493 ὧν
1505 441 1716 495 ἀδικῶν
1741 441 1895 512 ἐκτή-

205 543 362 596 σατο,
418 528 557 582 ἀλλὰ
594 527 744 581 ταῦτ’
793 529 926 581 ὄντα
963 525 1064 596 μὲν
1114 529 1260 600 αὑτῷ
1303 530 1619 597 διατηρήσει
1667 532 1758 584 καὶ
1805 531 1897 584 διὰ

205 624 300 684 τῆς
339 620 506 685 καλῆς
544 617 744 686 ταύτης
782 624 880 670 τοῦ
922 619 1220 688 συνεδρίου
1266 621 1558 685 μετουσίας
1603 617 1674 672 ἔτ’
1722 619 1897 688 ἀσφα-

205 705 458 775 λέστερος
497 707 646 759 ἔσται
688 704 779 759 καὶ
818 708 1016 773 μείζων
1054 708 1121 760 τὰ
1159 704 1261 776 μὲν
1301 707 1442 760 ὅπλα
1480 709 1571 761 καὶ
1610 709 1705 771 τὰς
1737 729 1901 778 μηχα-

206 795 304 856 νὰς
352 794 572 861 ε’πάγων
618 804 733 856 τοῖς
781 796 933 848 οὔπω
979 795 1499 865 κατεστραμμένοις,
1550 799 1681 859 τοὺς
1735 795 1784 850 δ’
1839 797 1903 850 ἐν

206 891 270 953 τῇ
310 886 515 954 πυλαία
553 883 676 936 καθ’
727 884 901 937 αὑτοῦ
939 883 1353 954 παροξύνοντας
1400 884 1501 954 οὐχ
1553 884 1703 949 ἕξων.
1745 889 1900 954 βασι-

207 974 335 1034 λεὺς
374 973 478 1040 γὰρ
518 971 608 1025 καὶ
656 974 928 1042 τύραννος
972 981 1256 1042 πανταχοῦ
1304 975 1573 1042 φοβερόν,
1625 975 1692 1027 οὐ
1740 990 1899 1044 στρα-

207 1061 384 1114 τεύων
423 1062 613 1130 μόνον,
653 1061 792 1115 ἀλλὰ
830 1060 921 1114 καὶ
962 1062 1196 1127 δικάζων
1233 1060 1323 1114 καὶ
1364 1065 1780 1132 βουλευόμενος.
1819 1065 1904 1126 τίς

209 1147 270 1202 δὲ
315 1159 427 1203 τῶν
474 1149 857 1219 ἀδικουμένων
904 1149 1149 1220 ὀδύραιτ’
1196 1150 1266 1204 ἂν
1313 1151 1347 1204 ἃ
1393 1150 1639 1204 πέπονθε
1677 1155 1903 1220 ψήφους

207 1236 429 1307 ἔχοντος
470 1240 752 1292 Φιλίππου
791 1238 882 1292 καὶ
921 1239 1361 1309 κολακευομένου
1402 1239 1493 1292 καὶ
1531 1244 1828 1304 πείθοντος
1867 1240 1901 1294 ἃ

208 1328 469 1396 βούλοιτο
509 1329 569 1380 τὸ
609 1331 826 1393 κοινόν;
864 1329 963 1382 τὸν
1003 1325 1107 1382 οὖν
1145 1323 1228 1392 οἷς
1267 1332 1376 1398 ἔχει
1414 1326 1516 1395 μὲν
1555 1329 1658 1382 οὐκ
1697 1329 1903 1397 ἀγαπή-

210 1430 395 1485 σοντα,
436 1415 520 1469 ἀεὶ
560 1416 625 1469 δέ
660 1437 810 1479 τινος
851 1416 1287 1486 ἐπιθυμήσοντα,
1332 1426 1495 1486 σιγᾶν
1536 1417 1596 1470 δὲ
1634 1420 1764 1480 τοὺς
1803 1437 1901 1470 πα-

210 1507 419 1567 θόντας
472 1504 852 1573 ἀναγκάσοντα
906 1515 1099 1575 φῶμεν
1156 1505 1440 1575 εἰληφέναι
1494 1525 1548 1558 τι
1602 1507 1748 1574 παρὰ
1802 1514 1905 1559 τοῦ

211 1602 388 1655 κακῶς
406 1596 757 1662 σεσιγηκότος
774 1596 1047 1663 Αἰσχίνου
1071 1593 1103 1662 ἢ
1129 1596 1202 1663 μή
1212 1616 1224 1664 ;
1250 1593 1336 1646 35.
1356 1595 1634 1663 εἰώθαμεν
1648 1593 1906 1663 πρέσβεις

211 1680 469 1750 πέμπειν,
509 1678 551 1735 ὦ
585 1683 783 1752 ἄνδρες
822 1675 1122 1752 Ἀθηναῖοι,
1161 1683 1252 1735 καὶ
1290 1686 1567 1751 καταβοᾶν
1607 1685 1904 1750 Φιλίππου,

211 1772 302 1823 καὶ
340 1779 503 1823 τοῦτο
543 1771 645 1823 οὐκ
684 1770 931 1840 ὀλιγάκις
963 1771 1213 1840 ὠφέλησε
1251 1772 1353 1840 τὴν
1383 1774 1564 1840 πόλιν,
1603 1773 1907 1841 πρεσβεῖαι,

331 1981 358 2018 4
391 1974 520 2020 ταῦτ’
558 1974 689 2034 ὄντα]
733 1976 904 2021 ταυτὸν
942 1975 999 2019 τὰ
1024 1977 1168 2020 ΗΜα
1207 1977 1427 2031 „fortasse
1465 1977 1629 2020 desunt
1667 1977 1904 2032 quaedam

216 2036 336 2080 alias
366 2038 430 2080 sie
460 2037 614 2080 saltim
644 2036 768 2080 debet
796 2036 962 2094 refingi
990 2037 1156 2080 oratio:
1196 2034 1253 2079 τά
1285 2050 1332 2079 τε
1366 2035 1479 2080 ὄντα
1519 2042 1606 2080 νῦν
1648 2035 1772 2093 αὐτῷ
1804 2036 1905 2078 δια-

213 2094 399 2167 τηρήσει
430 2095 510 2138 καὶ.
549 2094 630 2139 διὰ
660 2101 742 2151 τῆς
771 2097 916 2150 καλῆς
945 2102 1028 2138 τοῦ
1061 2092 1304 2150 συνεδρίου
1336 2092 1580 2150 μετουσίας
1614 2080 1754 2138 ουδὲν
1785 2110 1907 2166 φαυ-

215 2153 399 2208 λότερος
430 2150 530 2199 οὔτ’
567 2152 902 2208 ἀσθενέστερος
937 2153 1083 2208 ἔσται,
1125 2153 1240 2198 ἀλλὰ
1278 2154 1358 2197 καὶ
1398 2151 1592 2209 μείζων“
1623 2153 1693 2197 Re
1768 2151 1827 2196 τά
1856 2149 1902 2209 γ’

217 2212 330 2257 ὄντα
362 2214 445 2270 μὲν
475 2213 636 2256 Iacobs
668 2213 780 2256 Lech
803 2217 889 2256 214
921 2214 977 2258 ου
1000 2212 1058 2256 τά
1084 2210 1129 2269 γ’
1157 2211 1271 2257 ὄντα
1302 2213 1399 2256 Rev
1423 2217 1508 2256 426
1538 2214 1543 2266 Ι
1573 2212 1698 2271 αυτῷ
1715 2211 1915 2256 AthPH

217 2271 318 2315 Mor
453 2278 479 2316 5
511 2272 682 2327 ταύτης
711 2272 886 2315 inserui
918 2286 944 2316 e
975 2272 1107 2315 libris
1169 2286 1244 2315 0111
1277 2272 1366 2315 edd
1410 2272 1415 2330 Ι
1468 2269 1531 2315 ἔτ’
1566 2258 1908 2327 ἀσφαλέστερος

219 2331 383 2388 scripsi
401 2333 587 2374 auctore
603 2331 813 2375 Iacobsio
877 2328 976 2375 οὔτ’
1005 2330 1341 2387 ἀσθενέστερος
1363 2330 1474 2374 libri
1490 2330 1580 2375 edd
1703 2334 1727 2372 6
1753 2332 1908 2386 μεῖζον

218 2435 293 2491 ΡΙ
320 2450 378 2477 τα
405 2435 493 2478 Ma
520 2437 526 2490 Ι
553 2433 636 2484 τὰς
668 2434 844 2478 inserui
877 2448 900 2477 e
931 2433 1065 2477 libris
1128 2448 1204 2477 om
1236 2434 1327 2477 edd
1480 2438 1503 2477 7
1541 2386 1659 2477 οῧτπω
1685 2433 1731 2475 P
1787 2431 1907 2476 ουτω

219 2493 321 2536 Mor
463 2497 489 2536 8
520 2492 637 2536 καθ’
673 2494 816 2537 αὑτοῦ
850 2493 1014 2549 scripsi
1047 2507 1151 2536 cum
1183 2493 1250 2535 Re
1282 2492 1422 2535 Anim
1482 2489 1587 2536 κατ’
1624 2491 1767 2535 αὐτοῦ
1798 2490 1908 2534 libri

220 2552 311 2595 edd
354 2554 360 2607 Ι
402 2552 753 2607 παροξύνοντας
785 2552 949 2608 scripsi
1010 2559 1091 2595 τοῦ
1127 2552 1478 2606 παροξύνοντας
1501 2551 1740 2595 AthHMa
1799 2550 1909 2600 τοὺς

221 2610 573 2665 παροξύνοντας
595 2612 642 2655 Ρ
661 2611 752 2654 edd
785 2611 865 2655 scd
897 2611 1033 2665 ,,τοὺς
1056 2611 1205 2655 abesse
1231 2612 1416 2655 malim“
1441 2610 1508 2653 Re
1536 2612 1541 2666 Ι
1570 2610 1656 2653 οὐκ
1680 2606 1783 2661 ἐξόν
1806 2608 1911 2652 Mor

280 2685 391 2713 num
426 2669 809 2724 παροξυνοῦντας
847 2671 931 2714 οὐκ
972 2669 1089 2726 ἔχων
1128 2669 1453 2713 scribendum?
1599 2673 1650 2711 11
1694 2664 1903 2722 ὀδύραιτ’

223 2729 386 2784 scripsi
419 2731 605 2772 auctore
637 2728 704 2771 Re
766 2726 947 2784 ὀδύρετ’
969 2729 1113 2773 ΗΜα
1173 2729 1297 2783 ὠὸύρ
1303 2725 1367 2772 ετ’
1391 2729 1531 2772 AthP
1560 2727 1652 2770 cdd
1686 2723 1901 2782 „ffiaeffqsv’

224 2804 281 2830 αν
314 2802 407 2831 non
437 2789 616 2832 damno.
651 2788 807 2831 malim
838 2793 987 2832 tamen
1020 2786 1226 2843 ὀδύραιτ’
1265 2787 1353 2830 ἄν“
1386 2787 1453 2830 Re
1495 2787 1501 2844 Ι
1550 2784 1793 2830 πέπονθεν
1819 2785 1909 2828 Μα

343 2880 396 2919 13
434 2862 741 2931 ἀγαπήσαντα
767 2877 813 2920 Ρ
868 2875 1174 2932 ἀγαπήσαντα
1191 2877 1341 2919 AthH
1361 2875 1462 2918 Mor
1583 2878 1637 2917 18
1668 2874 1907 2931 πρεσβεῖαι

225 2934 388 2990 scripsi
449 2933 669 2992 πρεσβεία
700 2933 809 2977 libri
842 2934 932 2977 edd
