2010 3168
225 134 334 187 530
659 135 886 179 LIBANII
914 135 1304 181 DECLAMATIO
1336 136 1484 181 XXVI

223 279 442 340 πρῶτον
490 268 590 340 μὲν
643 273 792 344 μόνῳ
847 292 940 341 μοι
995 271 1303 342 συμβέβηκε
1355 274 1445 326 καὶ
1496 273 1597 326 οὐκ
1643 271 1727 327 ἔνι
1772 275 1910 344 πρὸς

224 359 567 428 παράδειγμα
612 359 877 428 βλέψαντι
925 364 1113 430 λαβεῖν
1166 363 1526 432 παραμύθιον
1582 370 1674 432 τῆς
1719 370 1909 433 ψυχῆς.

224 444 410 500 ἔπειτα
449 446 531 500 ἀεὶ
571 449 797 502 σύνεστι
835 450 1034 512 πάσαις
1072 450 1298 518 ἡδοναῖς
1330 449 1772 520 ἐναντιούμενον,
1810 451 1910 503 πά-

137 540 256 585 RIV
276 546 359 584 143
407 551 529 600 σαις
563 537 570 606 Ι
606 537 917 607 εὐημερίαις
939 541 1250 608 μαχόμενον
1272 536 1363 591 καὶ
1387 539 1453 591 τὰ
1483 538 1587 593 ἀπὸ
1617 547 1713 609 τῆς
1735 539 1913 610 Τύχης

180 648 198 680 5
224 627 427 695 τερπνὰ
474 626 851 696 συνταράττον
897 626 987 680 καὶ
1034 627 1425 697 μεταστρέφον.
1482 629 1528 681 εἰ
1575 624 1678 681 οὗν
1725 628 1810 681 δεῖ
1846 647 1911 698 με

225 715 576 784 λυπούμενον
616 718 727 785 ζῆν,
766 717 838 785 μὴ
881 719 975 785 ζῆν
1012 737 1105 784 μοι
1145 715 1379 784 βέλτιον.
1432 719 1482 769 εἰ
1528 717 1616 770 δεῖ
1649 718 1911 787 περιόντα

224 803 454 873 στένειν,
493 812 820 874 μεταστῆναι
861 807 1308 877 συμφορώτερον.

335 893 421 946 31.
463 891 621 946 ’Άλλα
676 895 887 964 ἄλλοις,
943 892 984 948 ὦ
1032 897 1230 964 βουλή,
1286 896 1443 948 δεινὰ
1492 898 1789 964 νομίζεται,
1843 901 1917 968 τῷ

224 982 326 1051 μὲν
363 983 654 1052 χρημάτων
694 982 964 1052 ἀποβολή,
1011 990 1087 1055 τῷ
1136 984 1196 1037 δὲ
1241 985 1480 1053 παίδων,
1527 992 1601 1056 τῷ
1649 981 1710 1037 δὲ
1761 985 1912 1054 φυγὴ

160 1093 200 1126 ιο
224 1073 510 1142 πατρίδος,
557 1078 630 1144 τῷ
667 1069 727 1125 δὲ
766 1074 931 1135 νόσος
973 1073 1244 1142 σώματος,
1293 1071 1412 1143 ἐμοὶ
1460 1073 1521 1126 δὲ
1558 1075 1911 1142 μακρολογία.

223 1161 279 1213 τί
315 1156 418 1213 οὖν
458 1162 782 1230 θαυμαστὸν
831 1162 879 1214 εἰ
927 1169 1091 1215 τοῦτο
1133 1155 1175 1234 ᾧ
1207 1162 1439 1231 μάλιστα
1485 1161 1791 1230 ἀλγύνομαι
1840 1162 1912 1232 μὴ

226 1248 414 1319 φέρων
467 1249 776 1303 ἀποθανεῖν
824 1249 1020 1320 ἐθέλω,
1075 1250 1161 1303 32.
1209 1250 1312 1304 οὐκ
1357 1248 1510 1304 ἔστιν
1555 1250 1587 1320 ἡ
1629 1254 1769 1320 γυνή
1819 1271 1912 1320 μοι

225 1337 481 1407 μέθυσος.
535 1346 700 1392 τοῦτο
755 1339 860 1409 γάρ
915 1337 1030 1392 ἐστι
1076 1340 1137 1392 τὸ
1193 1340 1393 1393 δεινόν.
1443 1342 1494 1393 εἰ
1540 1340 1644 1411 γὰρ
1696 1338 1912 1409 ἐμέθυε,

223 1426 328 1480 κᾶν
374 1427 701 1496 ἐκάθευδεν,
757 1430 808 1481 εί
860 1425 921 1481 δὲ
970 1427 1290 1498 ἐκάθευδεν,
1346 1434 1476 1492 ἴσως
1522 1427 1690 1496 ἐσίγα.
1735 1428 1913 1482 πάντα

160 1538 200 1571 15
214 1512 317 1608 Ιιιοι
370 1523 542 1569 ταῦτα
595 1524 695 1570 τοῦ
748 1519 1023 1585 παρόντος
1074 1517 1301 1587 ἐλάττω,
1354 1518 1533 1571 πάντα
1578 1526 1673 1587 τῆς
1722 1521 1913 1580 λαλιᾶς

214 1606 549 1674 Ικουφότερα.
600 1607 799 1674 ἤνεγκα
844 1605 914 1659 ἂν
961 1614 1195 1674 γυναῖκα
1240 1605 1705 1677 ὑπεραβελτέραν,
1756 1606 1911 1672 αὐτό·

211 1666 216 1683 Δ

345 1756 369 1795 2
397 1751 463 1795 cf.
493 1752 526 1796 t.
551 1751 593 1794 H
626 1755 725 1806 263,
745 1756 798 1795 19
943 1740 970 1794 9
1009 1751 1127 1796 Plat.
1161 1751 1299 1796 Laeh.
1332 1767 1378 1808 p.
1407 1751 1544 1796 195E
1690 1757 1744 1795 16
1780 1751 1910 1796 Dem.

225 1826 268 1867 p.
298 1813 427 1866 1178,
444 1814 500 1854 28
529 1812 535 1867 Ι
563 1811 701 1854 Arist.
737 1825 806 1866 eq.
836 1814 889 1854 78

346 1948 368 1986 1
402 1944 482 1987 καὶ
507 1970 562 1975 -
588 1948 613 1986 2
646 1943 952 1999 παραμκύθιον
984 1944 1101 1988 citat
1131 1944 1399 2000 praemissis
1430 1943 1583 1988 verbis
1607 1943 1913 1999 παραμύθιον

227 2003 300 2047 ἐπὶ
319 2001 578 2058 οὐδετέρου.
596 2002 817 2061 Λιβάνιος
833 2003 973 2046 Andr.
985 2003 1257 2060 Lopad.lex.
1269 2003 1406 2048 Vind.
1423 2018 1467 2060 p.
1481 2008 1579 2058 143,
1592 2007 1645 2046 15
1664 2004 1735 2047 ed.
1745 2001 1912 2046 Nauck

345 2067 370 2105 2
403 2061 538 2120 βάντι
572 2063 639 2106 Va
671 2063 752 2107 sed
785 2061 1007 2121 βλέψαντι
1030 2063 1079 2106 in
1103 2076 1237 2121 marg
1264 2065 1269 2119 Ι
1297 2059 1610 2120 παραμυθίαν
1633 2063 1679 2107 Β
1707 2064 1713 2119 Ι
1740 2078 1784 2106 τι
1807 2062 1913 2118 post

225 2121 531 2178 παραμύθιον
563 2121 686 2164 Μοι·2
717 2123 784 2166 Re
812 2125 817 2177 Ι
844 2127 924 2178 τῆς
952 2136 1027 2166 om
1061 2123 1128 2167 Va
1250 2127 1277 2164 4
1308 2127 1464 2180 ’ψυχῆς
1488 2122 1561 2166 La
1573 2122 1631 2166 Vi
1748 2124 1774 2164 5
1807 2134 1912 2165 συν-

225 2179 462 2233 ταράττων
501 2182 548 2224 et
578 2179 899 2237 μεταστρέφων
926 2182 964 2227 Ο
999 2181 1082 2226 sed
1114 2198 1137 2226 ο
1175 2195 1315 2238 supra.
1346 2199 1381 2225 ω
1412 2181 1441 2236 f
1467 2183 1475 2238 Ι
1511 2177 1912 2238 συμμεταστρέφον

237 2240 304 2284 Va
425 2244 450 2283 6
474 2256 552 2296 μοι
589 2255 641 2296 με
661 2240 712 2284 Ol
739 2243 745 2296 Ι
773 2241 824 2284 δὲ
841 2240 984 2284 LaVi
995 2242 1063 2285 Va
1176 2246 1198 2284 7
1225 2241 1565 2297 μεθιστάναιΒ
1593 2242 1599 2297 Ι
1627 2239 1913 2296 συμφερώτε-

228 2315 311 2354 ρον
341 2297 452 2342 libri
491 2313 539 2342 se
605 2315 629 2343 ο
662 2313 802 2355 supra
833 2302 925 2357 ε(1)
954 2300 1019 2355 Cf,
1051 2300 1161 2343 Ferr
1191 2299 1315 2344 Mor²
1345 2297 1413 2344 Re
1549 2303 1573 2342 9
1609 2306 1671 2343 τῶ
1703 2297 1755 2343 δὲ
1787 2297 1912 2354 φυγὴ

226 2356 462 2412 πατρίδος.
495 2365 556 2402 τῶ
582 2355 632 2402 δὲ
658 2357 842 2402 παίδων
861 2360 928 2403 Va
1052 2363 1106 2402 10
1138 2360 1344 2415 σώματος
1375 2356 1511 2410 νόσος
1531 2359 1582 2404 Ol
1606 2358 1708 2401 Mor
1731 2357 1799 2401 Re
1825 2358 1832 2414 Ι
1860 2354 1912 2400 δὲ

228 2431 303 2460 om
328 2418 385 2461 H
390 2416 573 2461 VLaVi
692 2422 746 2461 12
779 2418 865 2462 οὐκ
889 2444 946 2450 -
974 2423 1027 2461 13
1059 2417 1262 2475 μέθυσος
1293 2418 1558 2474 praemissis
1586 2416 1738 2461 verbis
1769 2413 1913 2472 μέθυ-

229 2490 306 2527 σος
338 2475 413 2519 ἐπὶ
444 2477 689 2532 ἀρσενικοῦ
722 2477 801 2520 καὶ
827 2477 898 2521 ἐπὶ
924 2479 1149 2533 θηλυκοῦ.
1182 2476 1405 2535 Λιβάνιος
1428 2476 1546 2520 citat
1569 2475 1709 2520 Andr.
1735 2474 1910 2531 Lopad.

227 2535 301 2579 lex
336 2534 532 2579 Vindob.
565 2550 611 2591 p.
639 2540 781 2589 123‚5
815 2536 885 2580 ed.
925 2535 1092 2580 Nauck
1129 2538 1177 2580 et
1214 2537 1481 2593 praemissis
1519 2535 1669 2580 verbis
1708 2531 1913 2590 μέθυσος

229 2594 303 2638 ἐπὶ
342 2594 424 2650 μὲν
463 2595 710 2650 ἀρσενικοῦ
750 2595 902 2645 οὐδεὶς
939 2602 1030 2639 τῶν
1070 2593 1274 2651 δοκίμων
1313 2591 1463 2650 εἶπεν,
1504 2594 1579 2639 ἐπὶ
1618 2594 1669 2637 δὲ
1700 2596 1911 2650 θηλυκοῦ

229 2652 450 2711 Λιβάνιος
481 2653 529 2698 ἐν
561 2660 615 2711 τῇ
645 2654 751 2708 περὶ
781 2659 863 2710 τῆς
885 2653 1025 2698 λάλου
1049 2652 1205 2713 μελέτῃ
1231 2654 1432 2698 Thomas
1457 2653 1579 2710 Mag.
1606 2667 1639 2696 s.
1664 2667 1704 2697 v.
1730 2651 1910 2708 μεθύση

227 2727 272 2767 p.
292 2716 426 2766 231‚1
441 2712 482 2755 R
509 2715 515 2768 Ι
543 2729 631 2769 μου
649 2713 741 2757 HG
759 2713 920 2768 Lopad
946 2713 1054 2756 Fen·
1115 2726 1186 2758 σοι
1216 2713 1334 2770 legit
1356 2712 1429 2757 vel
1453 2712 1652 2756 coniecit
1667 2710 1779 2767 Wig
1803 2712 1912 2767 (mm

229 2771 313 2814 tibi
335 2777 399 2815 est
420 2785 538 2816 uxor
560 2773 820 2828 temperata)
943 2777 997 2814 13
1027 2771 1225 2827 ἐμέθυεν
1245 2773 1298 2817 01
1320 2772 1388 2816 Re
1450 2769 1675 2828 ἐμέθυσεν
1692 2770 1793 2814 Mor

232 2834 286 2872 14
310 2827 398 2873 κᾶν
424 2843 498 2873 om
517 2831 570 2876 Ol
592 2830 693 2874 Mor
710 2830 775 2873 Re
837 2831 917 2874 καὶ
934 2832 979 2875 Β
1041 2828 1100 2875 ἂν
1117 2831 1274 2876 Gasda
1300 2833 1307 2888 Ι
1335 2829 1395 2875 ἂν
1419 2832 1527 2874 ante
1551 2827 1681 2886 ἐσίγα
1704 2829 1909 2872 inseren-

230 2889 340 2931 dum
373 2889 475 2933 coni
500 2889 669 2944 Gasda‚
700 2887 811 2939 τέως
832 2888 963 2932 Koek
1085 2895 1138 2932 15
1170 2906 1246 2946 μοι
1277 2891 1385 2946 post
1415 2888 1569 2934 πάντα
1599 2888 1700 2932 Mor
1724 2888 1792 2932 Re

233 2952 285 2990 16
326 2947 658 3006 ὑπερβελτέραν
706 2948 828 2991 Μοι·1
875 2949 956 2991 sed.
1001 2947 1367 3006 ὑπεραβελτέραν
1413 2947 1703 2992 scribendum
1745 2946 1849 2990 coni
1900 2945 1904 3002 Ι
