2010 3168
354 109 687 155 ANTILOGIA
718 108 798 153 DE
828 108 1009 154 LAIDE
1040 108 1171 154 NON
1201 109 1574 155 REVOCANDA
1696 110 1804 163 475

117 249 344 317 εἰσῆλθε
383 247 634 316 φανερὰν
672 255 788 309 τοῖς
834 255 994 315 σφῶν
1039 249 1286 309 πολίταις
1335 254 1667 314 καταστῆσαι
1706 247 1807 315 τὴν

116 338 388 406 πονηρίαν
426 335 747 404 αἰδούμενοι
779 334 1206 403 πολιτευομένης
1246 332 1372 406 παρ’
1412 335 1562 404 ἡμῖν,
1601 335 1673 398 ὡς
1705 335 1806 389 οὐκ

116 427 244 493 ἔδει,
273 433 367 494 τῆς
397 426 729 494 περιβοήτου
764 424 973 486 Λαίδος
1004 422 1096 477 καὶ
1128 425 1370 487 δεδιότες
1402 421 1503 493 μὲν
1533 425 1631 478 τὸν
1664 424 1805 478 οἴκοι

117 516 537 585 σωφρονισμόν,
590 520 686 581 τῆς
740 513 801 566 δὲ
853 510 979 583 παρ’
1033 512 1188 581 ἡμῖν,
1245 514 1316 576 ὡς
1362 510 1566 582 ἔοικεν,
1622 513 1807 577 ἀδείας

114 604 536 672 κατεγνωκότες,
584 607 716 664 ἴσως
763 602 823 655 δὲ
868 601 959 656 καὶ
1006 610 1102 671 τῆς
1148 604 1359 671 πόλεως
1404 608 1806 671 καταγελῶντες
1853 624 1872 655 5

117 692 200 746 ὅτι
247 700 342 760 τῆς
389 691 684 754 ἀκολασίας
730 689 882 744 ἐστὶν
929 690 1288 761 ὁρμητήριον,
1337 694 1533 745 ἔπλεον
1579 690 1667 746 ἐπὶ
1706 693 1807 761 τὴν

114 780 381 851 ἡμετέραν
420 778 587 834 οὐδὲν
626 779 818 850 ἕτερον
855 779 888 849 ἢ
928 781 1316 851 πορνοβοσκὸν
1365 775 1507 834 εἶναι
1557 784 1839 850 νομίζον-Ὗ

114 890 214 934 τες.
259 870 340 923 13.
381 870 474 923 διὰ
511 877 683 923 ταῦτα
721 870 915 922 τοίνυν
953 874 1123 936 θεῶν,
1165 865 1340 938 οἶμαι,
1384 871 1535 933 τινὸς
1572 874 1807 941 προνοίᾳ

116 961 169 1013 οἱ
215 969 326 1013 τῶν
371 964 616 1012 πολιτῶν
662 957 917 1021 ἐπιεικεῖς
971 978 1028 1012 τε
1082 957 1172 1012 καὶ
1224 959 1510 1028 σώφρονες
1561 960 1806 1030 [πάντες]

113 1056 284 1103 πᾶσιν
323 1048 558 1118 ὁρῶντες
597 1045 793 1118 ἔνοχον
831 1058 947 1110 τοῖς
987 1048 1211 1111 ἀτόποις
1250 1050 1350 1118 τὴν
1392 1051 1558 1103 πόλιν
1595 1052 1805 1114 κακιζο-
1833 1070 1874 1102 10

115 1137 285 1208 μένην
319 1135 326 1208 Ι
360 1157 417 1190 τε
447 1138 535 1190 καὶ
569 1138 1000 1210 δυσαπαλλάκτῳ
1032 1137 1231 1207 μέμψει
1255 1137 1628 1208 συνεχομένην
1672 1142 1793 1187 RIV
1810 1147 1894 1187 436

114 1229 246 1297 μίαν
292 1227 455 1280 λύσιν
501 1222 670 1295 εὗρον
714 1237 825 1280 τῶν
873 1228 1160 1296 δυσχερῶν
1205 1227 1533 1298 μεταφέρειν
1581 1225 1807 1297 ἑτέρωσε

114 1318 217 1386 τὴν
269 1315 606 1386 τελουμένην
657 1319 870 1369 κακίαν.
923 1315 1015 1369 καὶ
1069 1315 1194 1387 περὶ
1256 1318 1622 1386 σωφροσύνης
1684 1317 1808 1386 γρά-

116 1418 288 1476 φουσι
335 1408 593 1475 ψήφισμα
639 1408 810 1459 καλόν
855 1426 942 1474 γε,
996 1407 1064 1475 νὴ
1112 1407 1214 1474 τὴν
1258 1406 1520 1476 Ἀθηνᾶν,
1574 1408 1660 1459 καὶ
1714 1413 1808 1475 τῆς

114 1479 485 1564 προαιρέσεως
507 1505 619 1548 τῶν
645 1496 812 1548 Λαίδι
839 1496 1308 1566 συνηγορούντων
1339 1495 1635 1566 ἀλλότριον
1666 1491 1807 1549 εἶναι
1832 1515 1873 1548 15

115 1581 218 1654 μὲν
270 1582 332 1638 ἑν
390 1592 455 1654 τῇ
516 1586 673 1638 πόλει
735 1583 923 1654 μηκέτι
978 1586 1182 1653 Λαίδα,
1245 1587 1419 1639 οἰκεῖν
1481 1582 1541 1638 δὲ
1602 1585 1808 1653 ταύτην

117 1673 474 1726 ἀπελθοῦσαν
529 1673 655 1727 ὅποι
709 1672 799 1726 καὶ
849 1675 1107 1741 βούλεται
1169 1683 1280 1727 τῶν
1342 1674 1490 1743 ὅρων
1550 1672 1650 1737 ἔξω
1712 1681 1808 1742 τῆς

117 1763 312 1832 χώρας,
352 1763 498 1826 ὅπως
536 1764 668 1833 μήτε
698 1764 793 1826 τὰς
823 1763 1085 1834 ἡμετέρας
1117 1761 1510 1832 ἐπιμιγνυμένη
1545 1771 1808 1831 γυναῖκας

238 1884 293 1924 14
325 1880 454 1923 Dem.
489 1879 684 1924 Timocr.
718 1895 762 1937 p.
792 1885 889 1935 762,
911 1884 965 1924 18

241 1990 263 2028 1
299 1983 510 2039 φανερὰν
530 2011 584 2016 -
604 1989 629 2027 2
655 1981 1011 2041 πολιτευομένης
1033 1983 1159 2027 inser
1175 1983 1268 2028 Va²
1294 1984 1300 2042 Ι
1329 1983 1538 2041 φανερὸν
1555 1985 1704 2029 ViMa
1727 1983 1808 2027 scd

115 2042 164 2086 in
187 2042 275 2087 hoc
301 2059 326 2087 ο
350 2043 399 2086 in
425 2061 456 2087 α
481 2057 582 2087 corr
604 2043 674 2086 m³
803 2049 828 2087 2
860 2042 975 2098 παρ’
1004 2043 1052 2086 in
1078 2057 1154 2087 ras
1174 2042 1265 2088 Va²
1392 2047 1419 2086 4
1451 2043 1536 2100 τὴν
1560 2069 1614 2075 -
1641 2042 1808 2087 ἄδειαν

118 2102 223 2146 coni
255 2102 411 2146 Gasda
547 2107 572 2146 8
607 2105 834 2147 διαταῦτα
854 2104 993 2147 ΒΜα
1020 2105 1025 2156 1
1052 2101 1215 2147 τοίνυν
1240 2117 1315 2147 om
1342 2102 1454 2147 ViOl
1512 2103 1636 2146 inser
1654 2102 1765 2147 Μαει
1799 2102 1804 2159 Ι

117 2161 243 2212 τινὸς
268 2158 398 2218 οἶμαι
422 2163 478 2207 Η
594 2167 619 2206 9
653 2162 697 2206 οἱ
722 2177 796 2206 om
821 2163 878 2207 H
932 2162 1058 2206 inser
1084 2162 1175 2207 Va'
1202 2164 1208 2219 Ι
1236 2161 1408 2212 πάντες
1424 2162 1536 2207 ΒΜ
1563 2162 1654 2206 edd
1685 2161 1810 2205 inser

127 2220 333 2266 Va²Ma⁸
393 2235 468 2265 om
493 2222 549 2266 H
555 2221 668 2266 ViCl
728 2221 982 2266 cancellavi
1105 2227 1160 2265 10
1196 2229 1339 2265 πᾶσιν
1371 2234 1396 2265 e
1427 2220 1599 2273 πάντες
1630 2235 1731 2265 corr
1757 2219 1811 2265 ΟΖ

238 2285 290 2323 11
325 2278 598 2337 μεταμείψει
624 2281 714 2325 Μα
745 2282 826 2325 scd
858 2279 931 2337 γρ’
955 2279 1126 2338 μέμψει
1157 2294 1373 2337 suprascr
1396 2280 1465 2323 m²
1524 2278 1809 2337 μεταμέμψει

120 2340 173 2384 Cl
294 2345 347 2383 12
375 2336 512 2393 εὗρον
536 2339 666 2384 λύσιν
683 2342 810 2385 BVa
827 2341 907 2384 sed
933 2340 981 2383 in
1005 2341 1094 2384 hoc
1117 2339 1128 2354 '
1157 2340 1206 2383 in
1222 2344 1240 2353 ⁸
1268 2354 1369 2384 corr
1385 2339 1455 2383 m²
1577 2345 1630 2383 13
1654 2341 1806 2383 τελου-

117 2397 259 2455 μένην
286 2400 347 2443 Μ
375 2399 456 2442 scd
488 2397 823 2456 ἐνεργουμένην
861 2398 911 2442 in
942 2414 1098 2456 marg,
1125 2400 1212 2443 Ma
1246 2400 1327 2443 sed
1361 2397 1694 2456 ἐνεργουμένην
1733 2412 1807 2441 su-

117 2471 278 2514 prascr
299 2458 382 2510 m2,
407 2458 509 2501 Mor
529 2459 606 2502 sed
635 2476 690 2516 γρ
715 2457 1049 2515 ἐνεργουμένην
1073 2459 1123 2502 in
1146 2472 1281 2516 marg
1337 2473 1474 2514 „num
1499 2455 1807 2515 ζηλουμένηνῗ

121 2532 184 2561 an
206 2516 292 2573 τὴν
317 2516 445 2561 οὔπω
462 2516 739 2574 τελουμένην
755 2517 962 2562 nondum
986 2519 1412 2562 oonsumma1umss
1433 2518 1500 2561 Rc
1623 2521 1676 2560 15
1701 2531 1808 2561 συν-

118 2576 415 2633 ηγορούντων
448 2576 613 2632 scripsi
645 2577 734 2621 coll
766 2592 810 2634 p.
840 2581 999 2632 469,3;
1039 2581 1140 2630 483,
1159 2581 1206 2630 9;
1246 2581 1413 2630 486‚12
1491 2575 1807 2632 συνερούντων

120 2636 217 2679 ΗΒ
241 2635 344 2679 Mor
374 2636 443 2679 Re
505 2636 851 2691 συναιρούντων
876 2637 945 2681 Va
971 2637 1050 2681 sed
1078 2652 1097 2680 ε
1123 2651 1263 2694 supra
1287 2653 1337 2680 αι
1359 2635 1429 2680 m2
1453 2637 1501 2680 eb
1530 2653 1585 2693 γρ
1619 2636 1806 2693 συμβαι-

118 2692 294 2739 νόντων
325 2694 374 2738 in
399 2709 533 2751 marg
551 2694 621 2738 m²
682 2693 1032 2754 συμβαινόντων
1043 2698 1104 2740 Μ
1112 2697 1260 2740 ViMa
1277 2695 1359 2739 scd
1382 2695 1431 2738 in
1455 2695 1544 2739 hoc
1561 2694 1808 2747 συνερούν-

118 2769 209 2797 των
241 2767 456 2810 suprascr
480 2753 562 2807 ω’,
590 2754 642 2798 ΟΖ
672 2756 720 2798 et
750 2772 804 2810 γρ
836 2755 886 2798 in
909 2768 1043 2812 marg
1066 2754 1168 2800 Mor
1229 2754 1577 2810 συνεργούντων
1610 2753 1718 2797 Ferr
1749 2753 1805 2797 cf.

118 2827 164 2868 p.
190 2816 290 2866 469,
311 2817 364 2856 12
489 2817 542 2856 16
574 2812 743 2869 ταύτης
762 2815 824 2858 Μ
841 2814 951 2858 Ferr
982 2816 1029 2858 et
1054 2831 1108 2870 γρ
1132 2813 1182 2857 in
1205 2828 1340 2870 marg
1362 2813 1464 2856 Mor
1585 2816 1638 2856 17
1672 2813 1807 2856 ἀπελ-

118 2874 303 2916 θοῦσαν
327 2885 402 2915 om
427 2872 829 2918 BVaMViMaoz
859 2873 971 2916 Ferr
996 2874 1004 2930 Ι
1033 2870 1139 2917 ὅποι
1170 2887 1246 2917 om
1280 2874 1336 2917 Vi
1396 2871 1485 2927 ὅπη
1517 2871 1566 2914 in
1597 2884 1732 2928 marg
1757 2871 1809 2916 Ol

179 2925 207 2984 ἧ
233 2931 278 2974 Β
339 2928 367 2986 ἢ
398 2944 453 2974 ex
484 2926 512 2985 ἧ
545 2944 646 2975 corr
679 2932 747 2976 Va
774 2934 781 2988 Ι
808 2932 888 2975 καὶ
919 2946 995 2976 om
1018 2933 1145 2976 BVa
1268 2936 1321 2976 18
1353 2929 1573 2987 ὑμετέρας
1597 2931 1723 2975 BVa
