2010 3168
697 88 955 133 CEPHALI
987 87 1212 133 ORATIO
1695 89 1801 141 145

109 231 266 297 βολοι
306 225 395 280 καὶ
434 229 809 295 Κλεοφῶντες,
850 226 1029 294 ὅμοιοι
1069 225 1246 297 τούτῳ
1288 225 1530 294 ῥήτορες,
1569 226 1702 293 μήτε
1740 227 1801 278 τὸ

107 317 298 371 κοινὸν
359 315 662 368 ἀκίνδυνον
721 317 854 382 μήτε
915 316 976 368 τὸ
1031 312 1157 367 καθ’
1222 314 1423 377 αὑτοὺς
1478 312 1803 376 ἐννοοῦντες

107 404 374 475 ἐξήγαγον
412 395 490 467 εἰς
530 403 710 458 ἐκεῖνα
749 404 815 457 τὰ
846 404 1136 474 πράγματα
1168 405 1268 473 τὴν
1299 405 1478 455 πόλιν.
1519 401 1605 455 50.
1646 417 1802 470 στρα-

107 503 249 567 τηγῷ
296 491 398 562 μὲν
447 499 577 556 ἴσως
623 495 708 546 δεῖ
753 494 845 546 καὶ
891 494 1167 564 θράσους,
1217 493 1245 546 ὁ
1288 490 1349 546 δὲ
1397 492 1576 562 ῥήτωρ
1627 491 1687 544 ἐν
1733 499 1808 563 τῷ

105 583 323 653 βέλτιον
363 581 551 652 ἑτέρου
592 583 1016 652 προβουλεύειν·
1068 583 1134 636 οὐ
1183 583 1287 652 γὰρ
1336 580 1398 635 ἐν
1437 592 1554 643 τοῖς
1593 581 1801 648 ὅπλοις,
1848 601 1868 633 5

105 671 223 725 ἀλλ’
278 672 338 725 ἐν
383 683 499 736 τοῖς
547 680 648 726 τοῦ
697 671 1080 742 συμφέροντος
1129 676 1413 740 λογισμοῖς
1458 671 1490 739 ἡ
1539 670 1716 740 τέχνη.
1772 669 1800 723 ὁ

105 760 163 815 δὲ
204 761 298 830 ἀφ’
346 758 425 815 ὧν
463 763 733 815 κίνδυνον
774 762 939 825 αὐτὸς
978 761 1048 815 ἂν
1079 758 1196 831 ἔχοι
1228 762 1300 830 μὴ
1332 761 1602 828 προειδὼς
1634 764 1802 830 σχολῇ

105 850 151 920 γ’
199 850 268 904 ἂν
307 854 368 905 τὸ
408 852 542 919 ὑμῖν
582 851 823 919 ἀσφαλὲς
862 850 1142 916 σκέψαιτο.
1197 851 1371 913 οὕτως
1425 851 1474 903 εἰ
1513 850 1613 919 μὲν
1653 849 1801 921 αὑτῷ

107 961 164 994 τε
203 941 506 1004 κινδύνους
546 940 801 1010 ἐπάγεται
842 942 932 995 καὶ
964 944 1055 1010 μή,
1088 944 1309 1010 κριθείη
1342 940 1484 1009 (liv)
1517 938 1589 992 δι’
1631 939 1803 992 αὐτὸν

102 1031 134 1099 ἡ
186 1034 346 1093 πόλις
392 1039 538 1084 πᾶσα
585 1032 710 1100 περὶ
765 1035 1054 1101 σωτηρίας
1112 1029 1217 1099 ἐγὼ
1274 1027 1335 1083 δὲ
1390 1030 1516 1083 ούτε
1566 1028 1801 1096 ἐμαυτὸν
1826 1048 1869 1080 ιο

103 1121 229 1173 οὔτε
253 1122 314 1173 τὸ
342 1122 609 1188 δημόσιον
643 1121 893 1189 οὐδαμοῦ
927 1118 935 1192 Ι
970 1122 1186 1189 σφήλας
1210 1127 1287 1192 τῷ
1312 1119 1620 1188 ἀναμαρτή-
1683 1122 1740 1166 H.
1754 1121 1890 1165 IX66

102 1200 176 1281 τω
215 1211 277 1263 τὸ
319 1209 573 1263 ἀναίτιον
612 1208 936 1279 ἐκτησάμην.

214 1298 300 1352 51.
343 1298 680 1367 Προδείξατε
721 1298 800 1366 δέ,
839 1302 1038 1362 ποίους
1076 1300 1230 1362 τινὰς
1280 1301 1412 1361 τοὺς
1449 1295 1802 1364 πολιτευομέ-

105 1407 238 1449 νους
278 1381 418 1441 εἶναι
460 1389 754 1456 βούλεσθε,
793 1394 1123 1458 προμηθεῖς,
1164 1388 1454 1457 ἀσφαλεῖς,
1494 1386 1802 1455 ἐκλελογισ-

101 1475 302 1541 μένους
342 1476 375 1529 ἃ
414 1479 517 1546 χρὴ
556 1478 836 1547 πράττειν,
877 1476 909 1546 ἢ
950 1482 1205 1547 θρασεῖς,
1246 1475 1700 1546 ἀπερισκέπτους,
1741 1475 1803 1530 ἐν
1826 1480 1868 1513 1⁵

104 1565 293 1628 αὐτοῖς
332 1566 716 1634 σχεδιάζοντας
754 1576 871 1629 τοῖς
911 1567 1208 1635 δημοσίοις.
1260 1561 1339 1619 ὧν
1385 1567 1490 1636 γὰρ
1530 1567 1596 1620 τὰ
1636 1561 1802 1633 ἆθλα,

102 1661 272 1707 ταῦτα
311 1655 511 1717 πάντες
550 1655 835 1708 ἀσκοῦσιν.
877 1656 978 1724 οὐχ
1020 1656 1240 1708 ἱκετεύω
1278 1656 1403 1725 περὶ
1441 1664 1537 1725 τῆς
1577 1657 1800 1726 δωρεᾶς,

102 1744 234 1810 ὅπερ
285 1739 447 1806 οὗτος
494 1744 555 1797 ἐν
600 1753 716 1806 τοῖς
762 1746 1148 1813 δικαστηρίοις.
1205 1745 1345 1798 ὅπου
1399 1746 1504 1814 γὰρ
1561 1746 1628 1798 οὐ
1675 1746 1801 1816 περὶ

101 1833 292 1902 τύχης,
347 1832 485 1886 ἀλλὰ
539 1832 664 1903 περὶ
711 1842 870 1903 τιμῆς
910 1833 938 1887 ὁ
981 1835 1165 1902 λόγος,
1221 1834 1323 1887 οὐκ
1372 1833 1503 1906 ἐλέῳ
1552 1836 1653 1904 χρὴ
1701 1836 1803 1904 τὴν

102 1922 344 1990 εὔνοιαν,
378 1921 516 1975 ἀλλὰ
548 1931 622 1996 τῷ
650 1924 844 1994 δικαίῳ
877 1926 1216 1992 πορίζεσθαι.
1249 1924 1309 1976 ἓν
1344 1924 1404 1977 δὲ
1437 1924 1608 1977 εἰπὼν
1638 1911 1869 1977 κατα-’1ιο

100 2013 358 2080 βήσομαι·
399 2012 503 2078 τὴν
542 2011 643 2087 μὲν
682 2011 884 2064 τούτου
926 2011 1160 2080 δωρεάν,
1199 2012 1270 2080 ἣν
1310 2011 1380 2064 ἂν
1412 2014 1625 2082 αἰτήσῃ,
1664 2012 1800 2066 πάν-

99 2119 205 2162 τως
251 2120 334 2163 τις
380 2101 673 2168 γράψεται,
720 2101 775 2152 τί
821 2095 926 2152 οὖν
971 2102 1247 2168 βούλεσθε
1293 2101 1585 2170 πράγματα
1630 2099 1801 2171 ἔχεινς

101 2190 202 2257 τὴν
241 2186 299 2241 δὲ
342 2187 480 2257 ἐμὴν
519 2189 721 2256 οὐδείς,
766 2189 850 2242 ὅτι
890 2186 1029 2257 μηδὲ
1070 2188 1175 2257 ε’μέ.

221 2310 243 2348 1
278 2305 470 2349 Aristid.
506 2319 570 2349 or.
595 2304 740 2348 XLVI
764 2304 940 2362 (H236‚
962 2305 1076 2360 1D).
1110 2304 1233 2351 Plut.
1251 2321 1387 2364 comp
1392 2307 1522 2351 ,Nic.
1541 2310 1589 2351 et
1606 2307 1753 2352 Crass
1773 2313 1798 2350 2

219 2370 273 2408 21
316 2365 373 2409 cf.
415 2378 549 2408 anon.
590 2363 738 2420 probl.
764 2327 898 2409 krheiz.
939 2379 1006 2422 gr.
1040 2367 1072 2409 t.
1100 2365 1208 2409 VIII
1233 2371 1334 2422 402,
1356 2370 1381 2410 9
1418 2367 1488 2412 ed.
1522 2366 1657 2411 Walz

101 2428 156 2506 22
181 2423 312 2468 Dem.
345 2439 390 2481 p.
415 2428 518 2478 486,
539 2429 585 2477 13
621 2429 720 2478 501,
740 2428 797 2468 28

217 2532 244 2570 4
261 2531 323 2582 τῷ
342 2525 439 2571 δὲ’
412 2527 571 2597 ρήτορι
595 2527 646 2571 τὸ
666 2525 846 2585 βέλτιον
863 2527 1078 2572 Hei-blein
1185 2534 1210 2573 8
1231 2526 1367 2581 οὗτος
1379 2533 1466 2575 Μα
1488 2532 1492 2590 Ι
1515 2532 1696 2575 αὐτῶΡ

101 2589 125 2628 9
151 2602 200 2642 γε
226 2585 337 2630 olim
357 2588 522 2643 scripsi
550 2591 555 2642 Ι
585 2586 777 2660 ἐπάγετε
796 2588 841 2631 Ρ
864 2590 870 2644 Ι
899 2605 958 2631 αν
974 2589 1150 2632 inserui
1212 2604 1287 2633 om
1308 2591 1444 2635 MaP
1563 2595 1618 2634 12
1644 2589 1798 2636 αἴτιον

100 2646 146 2689 Ρ
267 2651 320 2690 13
345 2644 730 2702 πολιτευομένους
748 2649 836 2691 Μα
861 2648 943 2691 sed
968 2646 1139 2698 ένους
1126 2663 1174 2690 ln
1199 2663 1274 2693 ras
1299 2650 1369 2692 m'
1492 2655 1545 2693 16
1580 2651 1739 2701 αὑτοῖς
1756 2651 1803 2694 Ρ

222 2709 276 2748 18
302 2704 452 2761 ὥσπερ
478 2705 590 2749 olim
615 2706 761 2762 scrip
741 2706 782 2749 si
884 2711 959 2749 20
985 2705 1028 2750 δ’
1062 2707 1126 2751 ἔτι
1153 2707 1298 2752 Cobet
1419 2714 1473 2752 21
1507 2707 1566 2765 ἣν
1591 2709 1796 2777 κρατήσῃ

102 2761 247 2806 Cobet
278 2766 327 2807 at
359 2765 415 2809 cf
451 2779 585 2809 anon.
619 2765 766 2820 probi.
800 2765 885 2809 1.1.
965 2770 1019 2808 22
1052 2764 1121 2817 τίς
1148 2769 1236 2812 Μα
1263 2771 1269 2824 Ι
1298 2767 1530 2825 γράψεται
1563 2768 1729 2824 scripsi

101 2821 296 2879 γράψειε
323 2825 460 2868 ΜαΡ
483 2828 489 2880 Ι
518 2821 602 2868 οὖν
628 2824 795 2881 scripsi
856 2826 911 2869 οὐ
939 2826 1075 2869 ΜαΡ
1195 2831 1250 2870 23
1283 2827 1344 2884 μὴ
1377 2828 1428 2872 δὲ
1456 2828 1594 2872 ΜαΡ

190 2993 387 3026 Immune
412 2995 468 3026 ed.
487 2996 723 3027 Fosi-ster.
748 2997 813 3028 vl.
1383 2994 1440 3032 10
