2010 3168
253 117 366 170 656
725 117 953 161 LIBANH
985 116 1374 164 DECLAMATIO
1405 119 1532 163 XXX

258 254 408 315 ὄψει
447 252 563 321 τὴν
603 251 964 321 ἐκκλησίαν.
1007 254 1107 306 ἴδω
1148 253 1209 307 δὲ
1248 252 1308 307 ἐν
1348 253 1604 327 ἐκκλησίᾳ
1640 257 1740 309 τὸν
1776 259 1943 311 πλού-

255 355 405 405 σιον;
445 343 723 412 στερήσῃ
756 338 824 393 δὲ
856 341 1092 410 ταύτης
1126 349 1236 411 τῆς
1268 341 1546 406 ἀκτῖνος.
1576 352 1672 414 τῆς
1702 341 1763 398 δὲ
1795 344 1943 399 ἀκτῖ-

255 449 353 492 νος
391 428 649 498 ἀνέξομαι
696 437 795 482 τοῦ
841 433 1136 494 πλουσίου;
1190 430 1280 484 καὶ
1328 432 1395 500 δὴ
1444 435 1733 501 πρόσεισιν
1779 433 1943 498 αὐτὸς

258 514 428 581 οὗτος.
473 516 639 586 βαβαὶ
677 527 790 570 τῶν
828 518 1093 572 κολάκων.
1135 518 1296 588 ὁρᾶτε
1334 522 1395 573 τὸ
1427 524 1642 589 πλῆθος
1679 531 1791 574 τῶν
1820 521 1944 590 περὶ

207 626 234 660 5
260 606 430 660 αὐτὸν
469 605 814 677 φερομένωνς

370 709 456 762 67.
488 704 552 761 Ὦ
592 711 817 778 φίλτατε
857 712 927 762 σὺ
966 708 1058 763 καὶ
1095 713 1264 778 μόνος
1303 711 1597 780 ἀπολαβὼν
1633 713 1735 781 τὴν
1772 715 1945 783 τύχην

256 797 348 851 καὶ
386 798 554 850 πάλαι
593 795 695 867 μὲν
733 797 937 868 ἑταῖρε,
984 807 1092 852 νῦν
1131 796 1192 852 δὲ
1229 801 1479 869 πλούσιε,
1526 798 1585 854 σὲ
1629 798 1731 868 μὲν
1777 799 1944 856 οὐδὲν

162 891 291 951 ij
310 896 393 936 180
434 886 623 956 εἴρηκα
668 888 815 956 παρὰ
849 886 856 958 Ι
891 889 1076 941 τοῖσδε
1121 890 1313 957 κακόν,
1359 890 1461 957 τὴν
1508 889 1569 942 δὲ
1614 890 1796 959 Τύχην
1843 891 1945 944 οὐκ

257 978 406 1029 ἔστιν
444 978 619 1028 εἰπεῖν
657 975 773 1029 ὅσα.
819 974 943 1045 περὶ
989 973 1091 1046 μὲν
1136 986 1247 1029 τῶν
1293 987 1408 1030 σῶν
1454 977 1739 1031 ταλάντων
1778 976 1945 1032 οὐδὲν

183 1089 233 1121 Διο
257 1064 466 1133 εἴρηται
504 1066 802 1132 κακόηθες,
850 1064 987 1117 ἀλλὰ
1031 1064 1136 1118 κᾶν
1175 1066 1345 1119 ἄλλον
1383 1067 1704 1134 κωλύσαιμι.
1755 1066 1945 1136 μηδεὶς

256 1151 462 1206 οἰέσθω
501 1160 701 1205 τοῦτον
741 1153 859 1223 ἱερὰ
890 1156 1225 1222 σεσυληκότα
1255 1159 1518 1208 πλουτεῖν
1549 1153 1581 1223 ἢ
1613 1154 1944 1224 ὃιορύξαντα

255 1243 474 1310 τοίχους
511 1240 544 1309 ἢ
585 1244 908 1310 κεκινηκότα
949 1242 1160 1311 τάφους
1197 1241 1230 1311 ἢ
1270 1242 1658 1312 προσθέμενον
1694 1253 1810 1307 τοῖς
1847 1262 1945 1298 πο-

258 1332 479 1399 λεμίοις.
511 1331 739 1384 απεστιν
770 1332 917 1384 αἰτία
949 1331 1133 1401 φαύλη
1166 1339 1261 1400 τῆς
1292 1332 1565 1401 εὐπορίας
1607 1331 1726 1386 ἀλλ’
1763 1333 1944 1402 ὥσπερ

256 1419 359 1471 οὐκ
398 1417 834 1488 ἐπιλαμβανομαι
871 1429 984 1472 τῶν
1021 1421 1256 1489 τρόπων,
1296 1420 1439 1474 οὕτω
1481 1422 1838 1491 λοιδοροῦμαι
1876 1427 1951 1493 τῷ

185 1531 230 1564 15
257 1507 497 1576 δαίμονι,
538 1505 611 1560 δι’
659 1507 742 1577 ὅν,
783 1504 824 1561 ὦ
864 1510 1129 1576 γειτόνων
1169 1509 1649 1578 εὐδαιμονέστατε,
1699 1512 1840 1563 πίνω
1879 1510 1941 1563 τὸ

255 1596 502 1649 κώνειον.
565 1596 649 1650 68.
692 1598 761 1649 σὺ
802 1594 862 1650 δε
904 1598 1109 1665 σύναγε
1155 1599 1286 1660 τοὺς
1332 1600 1649 1666 φιλοίνους,
1688 1599 1815 1659 τοὺς
1854 1618 1944 1666 φι-

374 1821 401 1859 4
433 1816 551 1859 Plat.
585 1815 703 1860 Phil.
736 1831 781 1872 p.
808 1815 918 1858 2313
1042 1820 1095 1858 12
1127 1815 1469 1870 Her.11160‚3

374 2027 399 2065 6
430 2030 566 2067 τοῦτο
597 2019 650 2067 τὸ
682 2021 821 2080 λάχος
852 2021 959 2067 όλον
991 2023 1178 2077 ὡραῖον.
1212 2020 1534 2080 σχηματίζεται
1565 2021 1653 2078 γὰρ
1685 2023 1764 2066 καὶ
1798 2019 1940 2066 αὐτὸν

251 2081 305 2126 ἐν
345 2079 623 2140 δικαστηρίῳ
662 2082 746 2126 τὸν
783 2079 1134 2138 πεπλουτηκότα
1170 2081 1569 2138 προσεληλυθότα,
1612 2079 1727 2126 οθεν
1767 2080 1845 2124 καὶ
1883 2079 1940 2124 τὰ

249 2141 337 2197 μὲν
369 2141 480 2197 φησὶ
514 2141 631 2196 πρὸς
662 2140 806 2185 αὐτὸν
838 2140 1159 2197 ἀποστρέφων,
1190 2140 1249 2185 τὰ
1273 2141 1324 2185 δὲ
1356 2141 1472 2195 πρὸς
1502 2157 1609 2191 τους
1641 2138 1862 2190 δικαστάς
1891 2139 1940 2182 in

254 2214 387 2257 marg
412 2201 502 2244 La⁸
539 2199 597 2243 cf.
631 2199 690 2243 ad
722 2215 767 2256 p.
794 2204 935 2254 617,1

376 2396 397 2434 1
433 2388 478 2435 δ’
509 2392 563 2435 H
571 2391 642 2449 V!
668 2391 891 2436 πλούσιον
922 2392 1047 2435 inser
1072 2391 1146 2436 01⁴
1184 2393 1190 2448 1
1229 2390 1414 2448 γείτονα
1445 2392 1551 2447 post
1582 2389 1803 2434 πλούσιον
1826 2389 1941 2434 Mol

251 2452 302 2493 ef.
332 2450 382 2493 in
412 2464 546 2508 marg
579 2450 657 2494 Vi'
776 2455 801 2494 2
835 2451 1023 2502 ἀκτῖνος
1054 2449 1104 2494 δὲ
1130 2452 1215 2495 Mo
1334 2456 1363 2494 4
1395 2450 1550 2494 οὑτοσὶ
1574 2450 1679 2494 HV
1711 2451 1718 2504 1
1759 2450 1941 2503 πλῆθος

251 2516 345 2554 τῶν
371 2510 417 2552 Ρ
452 2509 534 2552 sed
571 2512 663 2561 θος
692 2525 718 2552 τ
749 2509 797 2552 in
836 2524 910 2552 ras
942 2509 1012 2552 m²
1155 2514 1180 2552 5
1223 2509 1366 2554 αὐτὸν
1399 2510 1468 2554 Va
1500 2508 1581 2552 sed
1613 2524 1637 2552 ο
1677 2508 1726 2551 in
1764 2520 1840 2550 ras
1870 2505 1940 2549 m³

374 2573 397 2610 7
431 2567 576 2612 πάλαι
600 2570 645 2612 Ρ
673 2568 755 2612 sed
787 2585 836 2612 αι
867 2568 917 2611 in
948 2582 1023 2612 ras
1056 2567 1125 2611 m²
1174 2571 1180 2625 Ι
1231 2569 1336 2613 νυνὶ
1370 2569 1426 2612 Vi
1553 2572 1579 2610 8
1611 2566 1818 2622 εἰρήκατι
1841 2566 1945 2609 HV

251 2627 336 2670 sed
368 2627 417 2670 in
448 2626 578 2671 hoc'
612 2628 661 2671 et
690 2643 734 2670 τι
765 2639 866 2670 eras
907 2626 995 2671 et'
1030 2640 1171 2683 supra
1203 2627 1220 2670 ἰ
1250 2626 1320 2669 m²
1397 2625 1528 2681 εἶ’ρκα
1561 2627 1618 2670 Vi
1657 2626 1739 2669 sed
1778 2623 1939 2680 εἴρηκα

252 2686 301 2729 in
333 2699 466 2743 marg
498 2685 568 2729 m²
616 2686 622 2742 Ι
670 2686 777 2741 περὶ
800 2686 931 2730 Laoc
976 2688 983 2744 Ι
1032 2685 1143 2730 τάδε
1170 2686 1222 2730 Ol
1343 2691 1367 2728 9
1400 2683 1485 2730 οὖν
1516 2686 1623 2741 posi:
1652 2685 1734 2741 μὲν
1759 2685 1820 2727 Μ
1828 2682 1941 2727 ῐῙιΟΖ

375 2751 428 2789 12
471 2743 655 2802 τοίχους
686 2746 746 2789 Vi
782 2744 864 2788 sed
902 2761 1115 2808 ταφους
1119 2745 1167 2787 in
1207 2757 1340 2801 marg
1378 2744 1562 2798 1113,οῑ
1600 2743 1682 2787 sed
1722 2759 1767 2787 οι
1804 2755 1860 2786 ex
1899 2757 1938 2784 ει

250 2817 355 2847 corr
385 2804 454 2847 m⁴
576 2808 630 2846 13
663 2800 789 2847 ἑστία
822 2804 880 2847 Vi
1001 2807 1054 2846 15
1089 2800 1153 2847 ὧν
1183 2803 1285 2846 Mor
1326 2808 1331 2860 Ι
1379 2811 1534 2871 γεῖτον
1557 2802 1716 2847 PMOl
1775 2797 1937 2857 γείτων

263 2863 319 2906 Vi
351 2862 432 2907 sed
464 2862 684 2919 γειτόνων
716 2876 931 2919 suprascr
960 2862 1029 2904 m²
1078 2862 1083 2919 Ι
1134 2862 1183 2906 τὸ
1215 2862 1391 2905 inserui
1423 2876 1478 2905 ex
1503 2863 1560 2906 Η
1563 2861 1737 2905 VMoB
1798 2872 1872 2902 om
1898 2859 1943 2902 P

253 2921 512 2966 MLaVioz
523 2923 592 2966 Va
624 2921 713 2965 edd
837 2926 891 2964 16
923 2922 1029 2971 τοὺς
1061 2919 1299 2976 φιλοίνους
1330 2935 1404 2964 om
1434 2921 1503 2964 Re
