2010 3168
450 96 879 142 DEMOSTHENIS
911 95 1260 141 DEDITIONIS
1291 95 1529 141 ΡΕΤΙΤΙΟ
1741 96 1847 149 327

154 233 286 303 ἥξει,
324 235 386 288 τὸ
424 242 537 286 πᾶν
576 229 638 286 δὲ
677 233 812 302 ἐμὸν
850 235 1003 285 ἔσται
1035 231 1208 285 αὐτοῦ
1240 229 1343 301 μὲν
1374 232 1644 301 διδόντος,
1677 232 1850 285 αὐτοῦ

155 321 201 375 δ’
249 321 623 391 ἐκδιδομένου.
679 322 745 375 οὐ
800 322 905 391 γὰρ
960 321 1291 392 γεγράψεται
1341 323 1619 391 ψήφισμα·
1667 318 1850 384 ἔδοξε

154 418 233 483 τῷ
267 412 442 483 δήμῳ
475 421 602 465 τῶν
633 411 1018 479 Ἀθηναίων,
1057 408 1174 464 ἀλλ’
1215 408 1397 474 ἔδοξε
1429 409 1850 479 Δημοσθένει

151 500 298 570 περὶ
337 498 830 568 Δημοσθένους.
870 506 1035 552 τοῦτο
1077 498 1143 552 δέ
1178 499 1330 552 ἐστιν
1367 500 1508 568 ὑμᾶς
1540 497 1642 569 μὲν
1681 499 1850 552 οὐδὲν

152 582 294 641 εἶναι
334 591 571 659 χείρους,
611 588 705 657 ἐμὲ
744 585 805 642 δὲ
844 589 943 642 τὸν
981 588 1154 642 αὐτὸν
1191 595 1268 660 τῷ
1307 589 1475 642 πάλαι
1522 587 1648 658 περὶ
1691 587 1847 657 ὑμᾶς.
1896 609 1916 642 ⁶

157 677 238 730 16.
294 676 397 745 ἐγὼ
452 679 557 748 γὰρ
613 687 730 741 τοῖς
782 686 992 740 κοινοῖς
1050 679 1298 748 προσιὼν
1359 678 1451 731 καὶ
1511 678 1851 747 μιμούμενος

150 766 256 820 οὐκ
295 768 568 836 Αἰσχίνην
608 764 740 820 οὐδὲ
786 767 1062 835 Φρύνωνα
1100 768 1198 820 τὸν
1241 766 1503 836 ἀνδρεῖον
1548 765 1640 819 καὶ
1681 763 1850 819 οὐδὲν

152 857 556 925 αἰσχυνόμενον
611 853 745 909 οὐδὲ
791 856 1066 926 Δημάδην
1113 853 1244 909 οὐδὲ
1298 854 1671 925 Φιλοκράτην,
1721 853 1851 908 ἀλλ’

152 945 486 1014 Ἀριστείδην
517 945 608 998 καὶ
640 944 916 1015 Περικλέα
954 943 1045 998 καὶ
1078 946 1303 1013 Νικίαν,
1341 947 1471 1007 τοὺς
1510 945 1613 998 οὐκ
1654 944 1849 998 εὐνου-

150 1032 379 1103 στέρους
417 1032 518 1102 μὲν
559 1039 689 1097 ἴσως
729 1034 863 1104 ἐμοῦ
903 1032 1028 1104 περὶ
1074 1035 1175 1087 τὸν
1224 1035 1427 1103 δῆμον,
1475 1024 1737 1102 λέγοντας
1786 1029 1848 1086 δὲ
1874 1055 1917 1088 ιο

150 1120 212 1175 ἐν
253 1123 662 1192 εὐτυχεστέροις
707 1133 824 1186 τοῖς
871 1125 1016 1192 τότε,
1065 1124 1358 1193 ἐπιθυμῶν
1404 1124 1472 1191 δὴ
1519 1131 1618 1176 τοῦ
1669 1123 1847 1176 τύπου

150 1219 245 1279 τῆς
289 1210 519 1266 ἐκείνων
563 1222 675 1265 τῶν
723 1212 946 1283 ἀνδρῶν
990 1215 1268 1275 πολιτείας
1320 1211 1411 1266 καὶ
1466 1217 1658 1266 λυπῶν
1708 1211 1850 1278 ὑμᾶς

151 1300 213 1354 ἐν
252 1294 335 1364 οἷς
374 1300 634 1371 ὠφέλουν
671 1304 815 1355 πολὺ
854 1301 1026 1355 πλέον
1076 1301 1322 1355 ἐλύπουν
1367 1302 1466 1355 τὸν
1504 1302 1849 1371 βουλόμενον

149 1390 291 1459 ὑμᾶς
335 1391 671 1460 πραγμάτων
717 1390 1004 1460 ἐκβάλλειν
1056 1389 1147 1444 καὶ
1202 1391 1375 1444 αὑτὸν
1420 1391 1522 1460 μὲν
1575 1400 1847 1459 περιεῖναι

148 1477 277 1546 μεθ’
324 1479 528 1548 ὅπλων,
566 1479 708 1549 ὑμᾶς
746 1476 808 1533 δὲ
847 1485 1149 1549 καθῆσθαι.
1873 1500 1916 1533 15

264 1585 348 1637 17.
396 1582 556 1637 Ταῦτ’
604 1580 710 1637 οὖν
748 1585 850 1637 οὐκ
890 1584 1161 1637 ἀκίνδυνα
1207 1580 1364 1654 ᾔδειν
1406 1586 1847 1651 πολιτευόμενος,

149 1670 267 1726 ἀλλ’
315 1673 462 1741 ὅμως
501 1676 712 1740 μᾶλλον
743 1673 997 1743 ἡγούμην
1028 1674 1166 1741 δεῖν,
1206 1675 1255 1726 εἰ
1288 1676 1547 1742 συμβαίη,
1587 1676 1847 1726 τελευτᾶν

270 1884 293 1922 7
320 1894 386 1935 sq.
414 1879 470 1923 cf.
488 1894 533 1935 p.
553 1884 690 1934 303‚1
708 1894 774 1935 sq.
800 1879 931 1923 Dem.
949 1878 1052 1923 fals.
1069 1878 1161 1936 leg.
1177 1893 1223 1935 p.
1241 1883 1431 1934 400‚15;
1460 1882 1650 1934 402‚26;
1676 1882 1844 1932 412,19

150 1941 198 1983 et
229 1943 285 1982 25
407 1942 431 1981 9
467 1938 523 1983 cf.
560 1939 620 1983 ad
652 1954 697 1995 p.
726 1943 827 1994 271,
846 1943 901 1982 23
1026 1942 1080 1982 15
1113 1938 1171 1982 cf.
1204 1953 1248 1995 p.
1275 1941 1421 1993 350,ss

271 2136 292 2175 1
327 2129 425 2188 ἥξει
460 2132 517 2175 Vi
545 2130 626 2174 sed
659 2129 748 2183 ἕξει
779 2131 826 2174 in
861 2144 995 2188 marg
1018 2130 1087 2173 m²
1114 2133 1120 2187 Ι
1149 2128 1416 2181 ἐκδιδόντος
1439 2130 1545 2174 coni
1569 2129 1727 2174 Gasda.

151 2196 176 2234 2
210 2191 260 2236 δὲ
297 2191 445 2235 VPVi
476 2190 566 2234 edd
616 2191 623 2243 Ι
673 2189 977 2246 ἐκδιδομένου
1003 2190 1092 2233 Μα
1124 2190 1206 2234 sed
1236 2206 1323 2234 κου
1363 2203 1505 2245 supra
1547 2192 1602 2234 δο
1636 2189 1705 2233 m²

150 2256 177 2294 4
209 2249 338 2305 παρὰ
363 2251 468 2295 HV
493 2250 575 2292 sed
606 2249 655 2292 in
687 2249 775 2293 hoc
806 2250 912 2304 περὶ
945 2263 1161 2305 suprascr
1191 2249 1262 2292 m²
1287 2251 1294 2304 1
1330 2247 1474 2305 μηδὲν
1508 2250 1566 2293 Vi
1685 2253 1710 2292 5
1744 2247 1843 2305 μὲν,

148 2308 290 2354 οὐδὲν
330 2305 452 2353 εἶναι
490 2306 673 2365 χείρους
710 2310 819 2364 post
857 2309 976 2364 ὑμᾶς
1001 2311 1047 2353 Ρ
1084 2308 1165 2353 sed
1205 2306 1345 2353 οὐδὲν
1385 2304 1507 2353 εἶναι
1546 2306 1728 2366 χείρους
1768 2308 1845 2351 del

271 2372 294 2411 7
330 2369 415 2411 οὐκ
446 2365 671 2425 Αἰσχίνην
703 2381 779 2412 om
811 2368 869 2411 Vi
895 2370 902 2424 Ι
930 2369 1216 2422 φρυνώνδαν
1251 2369 1307 2413 Vi
1427 2370 1453 2410 8
1489 2366 1755 2425 ᾐσχυνόμην
1787 2367 1847 2410 Vi

149 2427 232 2471 sed
264 2425 600 2484 αἰσχυνόμενον
630 2426 681 2469 in
712 2440 846 2484 marg
875 2427 946 2470 m²
979 2429 985 2483 Ι
1027 2426 1142 2471 ἀλλὰ
1174 2427 1232 2470 Vi
1352 2431 1377 2470 9
1411 2425 1594 2481 ἀριστίδ
1627 2443 1654 2471 ν
1679 2426 1787 2471 Hel

111 2500 124 2511 ·
149 2484 385 2543 ἄριστείδη
414 2487 501 2530 Μα
528 2491 534 2540 1
562 2483 744 2529 νεικίαν
766 2486 875 2531 Hel
950 2484 1136 2542 νικίδην
1171 2487 1240 2543 Vl
1267 2486 1375 2537 τοὺς
1398 2511 1453 2518 -
1482 2491 1533 2529 11
1565 2443 1665 2530 τέτε
1698 2500 1774 2530 om
1807 2486 1852 2530 V

150 2545 232 2589 sed
262 2545 313 2589 in
343 2558 478 2602 marg
509 2545 603 2588 add
634 2544 706 2588 m⁸
739 2545 746 2601 Ι
781 2545 867 2589 οὐκ
901 2546 959 2590 Vi
981 2545 1062 2589 sed
1089 2543 1220 2602 ὀλίγα
1250 2545 1300 2588 in
1323 2558 1457 2602 marg
1478 2544 1549 2588 m'
1671 2549 1725 2588 10
1757 2542 1844 2600 μὲν

151 2618 227 2648 om
253 2604 305 2649 ΟΖ
354 2606 360 2660 Ι
411 2603 512 2648 ἴσθι
547 2605 603 2647 Vi
634 2603 715 2647 sed
758 2603 823 2655 εἴς
861 2620 906 2648 τι
943 2605 993 2648 in
1033 2618 1166 2661 marg
1206 2618 1279 2648 scr
1310 2606 1357 2648 et
1389 2603 1465 2647 del
1495 2603 1566 2647 rn'
1635 2601 1684 2647 εἴ
1706 2619 1750 2646 τι
1783 2601 1845 2647 V⁸

271 2668 324 2707 11
359 2662 416 2719 δὴ
442 2662 608 2718 scripsi
633 2675 689 2706 ex
713 2663 771 2707 H
776 2663 1027 2709 VViMaOl
1087 2663 1139 2708 δὲ
1164 2664 1210 2707 Ρ
1237 2663 1330 2708 edd
1452 2667 1505 2706 12
1538 2662 1673 2706 λιπὸν
1699 2663 1742 2706 V
1759 2661 1843 2707 sed

149 2722 199 2765 in
238 2724 397 2766 λυπῶν
436 2735 538 2765 corr
567 2720 637 2764 111²
782 2726 836 2766 13
880 2722 1037 2767 ἐλύπει
1063 2724 1153 2767 Μα
1191 2722 1273 2766 sed
1312 2738 1398 2766 ουν
1437 2735 1578 2778 supra.
1610 2736 1651 2765 ει
1681 2720 1765 2775 m’,
1792 2720 1845 2765 Ol

271 2786 326 2824 14
359 2779 594 2838 ἐκβάλλειν
619 2780 783 2836 scripsi
807 2794 863 2824 ex
878 2781 931 2824 H
938 2781 1102 2825 VViC'l
1163 2781 1367 2839 ἐκβάλων
1391 2783 1478 2826 Μα
1496 2780 1583 2824 sed
1608 2796 1678 2824 ειν
1702 2793 1844 2837 supra

150 2856 217 2884 ων
246 2839 318 2884 m⁴
379 2839 589 2898 ἐκβαλεῖν
614 2840 660 2882 Ρ
688 2839 778 2882 edd
821 2841 827 2895 Ι
877 2840 1022 2885 αὐτὸν
1052 2840 1163 2884 libri
1193 2841 1284 2884 edd
1326 2843 1333 2896 Ι
1382 2840 1442 2896 μὴ
1478 2841 1533 2884 Vi
1565 2839 1646 2882 sed
1677 2837 1761 2894 μὲν
1791 2839 1842 2882 in

150 2911 284 2955 marg
313 2898 384 2942 m‘-’
522 2903 573 2942 17
609 2898 648 2942 εἰ
680 2898 728 2941 in
759 2912 834 2942 ras
868 2898 929 2942 V‘
991 2898 1039 2942 εἴ
1061 2915 1105 2942 τι
1140 2899 1246 2943 coni
1278 2898 1434 2943 Gasda
