2010 3168
213 109 323 160 442
541 80 543 83 ’
681 108 907 151 LIBANII
937 107 1326 152 DECLAMATIO
1360 109 1508 153 xxiv

214 250 392 303 crimas
430 249 577 295 movit
605 263 698 308 pre
736 249 998 310 voluptate,
1036 264 1111 296 me
1150 251 1447 309 appellatum
1492 251 1557 298 iri
1603 250 1905 298 liberatorem

214 322 530 372 lacedemouie
561 337 879 382 coronamque
907 338 982 371 me
1013 323 1229 370 laturum
1260 320 1405 383 quasi
1434 325 1653 372 inclitum
1683 325 1906 372 victorem

215 397 455 457 quendam
501 397 834 457 Olympiorum.
906 397 1054 445 Nunc
1090 411 1184 456 per
1229 412 1368 457 quem
1414 399 1557 446 letari
1603 399 1743 457 atque
1789 412 1905 458 equo

216 473 379 519 animo
412 484 509 518 esse
541 472 771 531 largitum
802 474 871 518 est
899 472 1083 519 civitati
1114 475 1156 519 et
1185 472 1296 520 huic
1328 474 1622 528 accusatori,
1661 472 1778 519 mihi
1815 473 1906 520 soli

206 545 481 606 periclitari
511 547 725 605 coutiyit,
765 546 891 604 quod
923 546 1144 593 omnibus
1182 547 1428 594 materiem
1461 547 1642 607 prebui
1680 546 1826 593 bouos
1865 549 1906 594 et

216 622 330 668 letos
361 619 461 666 dies
493 620 668 680 aqeudi
700 621 789 667 etc.

327 692 637 740 Declamatio
669 693 722 740 in
753 693 913 740 lucem
943 695 1199 755 pro'nracta
1231 695 1304 741 est
1337 710 1362 742 e
1395 694 1560 742 codice
1591 693 1905 741 Wolfenbut-

215 768 382 816 'celano
415 783 544 815 anno
576 769 715 815 1517
751 767 967 815 editione
999 767 1380 816 Ferrariensi
1405 762 1499 834 (=
1524 761 1668 835 Ferr)
1701 768 1786 817 fol.
1812 769 1907 816 66ν

218 834 455 908 —71V.¹)
540 841 701 889 Huius
748 841 893 889 valde
938 841 1225 889 mendosam
1270 843 1433 890 texizus
1478 843 1690 890 formam
1735 843 1905 904 paucis

215 917 337 964 locis
372 932 397 963 e
429 916 593 963 codice
626 931 656 962 a
679 916 825 964 Laur
855 932 953 963 non
984 916 1197 963 multum
1228 916 1421 965 diverso
1447 919 1714 965 correctam
1725 910 1767 982 ²)
1799 916 1906 963 red-

217 990 345 1037 didit
367 989 496 1038 Fed.
521 990 808 1038 Morellus
834 989 1006 1037 Liban.
1032 1005 1143 1052 opp.
1169 992 1203 1037 t.
1222 990 1247 1037 I
1270 1007 1317 1052 p.
1337 991 1626 1039 558—568
1647 984 1741 1057 (=
1760 983 1905 1054 Mor).

219 1065 430 1112 Textum
466 1064 815 1112 Morellianum
853 1064 1135 1112 Reiskius
1168 1058 1262 1131 (=
1287 1058 1382 1132 Re)
1413 1081 1512 1113 non
1550 1067 1656 1113 tam
1695 1080 1785 1126 ope
1829 1080 1906 1112 co-

219 1138 341 1186 dicis
365 1138 810 1187 Wolfenbuttelani
837 1154 986 1200 quam
1018 1155 1075 1186 ex
1105 1139 1306 1202 ingenio
1337 1139 1506 1186 multis
1538 1140 1658 1188 locis
1682 1140 1907 1200 correxit,

217 1228 340 1260 uxor
385 1228 501 1260 vero
549 1228 674 1274 quae
721 1212 988 1260 editionem
1035 1213 1228 1261 curavit
1265 1216 1299 1261 t.
1325 1213 1397 1260 IV
1429 1214 1722 1262 420—430
1762 1213 1906 1260 illum

217 1288 429 1335 retinere
462 1303 611 1348 quam
643 1287 1008 1335 emendationes
1042 1289 1199 1336 certas
1238 1289 1408 1336 mariti
1446 1303 1682 1350 reponere
1713 1287 1905 1335 maluit.

329 1361 583 1409 Nonnulla
623 1361 686 1409 ad
730 1363 920 1409 textum
960 1362 1305 1425 corrigendum
1344 1363 1657 1410 contulerunt
1694 1362 1733 1408 F
1741 1379 1780 1409 r.
1811 1360 1836 1408 I
1847 1377 1876 1409 a
1884 1391 1906 1396 —

220 1429 531 1502 cobsius3),
562 1434 622 1484 A.
656 1429 921 1502 Gasda4)‚
956 1434 1226 1484 Gobetus.

339 1593 383 1708 23
414 1649 499 1694 His
530 1606 657 1695 loci?
676 1650 816 1695 lectio
849 1663 990 1706 quam
1021 1650 1240 1694 Mol-ellus
1279 1651 1484 1707 praefixo
1517 1668 1571 1707 γρ
1610 1650 1659 1694 in
1697 1650 1907 1707 margine

220 1710 378 1767 posuit
409 1710 628 1754 editionis
661 1709 966 1754 Fen-ariensis
999 1711 1081 1753 est.
1145 1709 1212 1754 cf.
1245 1724 1387 1767 supra
1417 1725 1462 1767 p.
1490 1715 1588 1755 344.

341 1770 384 1827 3)
418 1768 484 1813 Cf.
516 1771 549 1814 t.
574 1769 595 1812 I
626 1785 671 1826 p.
698 1774 752 1813 7⁷
785 1771 833 1813 eb
863 1783 1004 1826 supra
1033 1784 1079 1826 p.
1105 1773 1204 1813 317.

342 1831 385 1883 4)
419 1827 484 1873 Cf.
517 1830 550 1872 t.
574 1829 617 1871 V
646 1844 691 1886 p.
720 1832 817 1872 198.
