2010 3168
251 85 362 137 202
721 82 948 127 LIBANH
979 82 1367 128 DECLAMATIO
1399 82 1527 127 XVII

250 222 414 288 λόγος
453 230 731 288 γενναῖος,
779 216 951 288 μηδὲν
989 228 1101 272 τῶν
1152 219 1393 287 αἰσχρῶν
1433 217 1788 287 ἀνασχέσθαι.
1834 224 1942 271 νῦν

251 308 300 362 δ’
347 309 584 378 ὁρῶντες
621 309 722 361 τὸν
768 306 827 361 ἐκ
872 315 967 376 τῆς
1012 310 1269 376 μεγίστης
1313 305 1405 359 καὶ
1451 305 1808 375 ἐνδοξοτάτης
1844 309 1941 360 πό-

252 402 386 461 λεως
424 397 759 468 ἐφεστηκότα
803 398 1058 468 Φιλίππῳ
1108 395 1169 449 ἐν
1214 402 1290 467 τῷ
1337 397 1611 467 συνεδρίῳ
1650 403 1714 465 τῇ
1764 404 1940 465 σιωπῇ

251 491 457 554 πολλῆς
501 489 805 556 παρανοίας
850 485 1088 554 ἡγοῦντο
1135 485 1294 551 μείζω
1348 483 1505 552 ὑμῶν
1559 483 1752 548 ἀξιοῦν
1806 503 1941 552 φρο-

204 598 226 628 5
252 585 384 628 νεῖν.
425 578 671 644 γίγνεται
716 577 992 636 Φίλιππος
1031 573 1358 642 ἀμφικτύων
1404 571 1526 625 ἀντὶ
1576 581 1688 624 τῶν
1727 571 1942 625 ἀθλίων

256 664 510 718 Φωκέων.
568 664 661 717 καὶ
713 671 878 716 τοῦτο
934 660 1153 715 ὠνεῖται
1207 660 1330 730 παρ’
1394 659 1607 714 ἐκείνου
1662 661 1940 730 δεύτερον,

251 757 462 819 μᾶλλον
501 753 563 806 δὲ
601 754 810 822 τρίτον·
854 748 1058 822 Θρᾴκη,
1103 753 1301 818 Φωκίς,
1341 752 1560 803 πυλαία.
1603 748 1706 802 κᾶν
1747 748 1940 818 ἀφίκη-

252 847 355 895 σθε
398 844 475 904 εἰς
514 841 729 895 ἐκεῖνον
773 841 873 893 τὸν
918 842 1091 893 τόπον
1137 840 1272 892 κατὰ
1318 839 1416 891 τὸν
1461 839 1698 891 παλαιὸν
1748 839 1940 906 νόμον,

251 932 458 993 ὄψεσθε
496 930 595 982 τὸν
628 928 900 996 Ἀμύντου
938 930 1004 981 τὰ
1043 938 1154 982 τῶν
1185 926 1466 995 Ἑλλήνων
1505 927 1837 980 διοικοῦντα.

181 1040 227 1072 10
366 1018 450 1070 19.
484 1018 643 1072 Οὕτω
677 1018 745 1085 δὴ
779 1016 995 1079 διαθεὶς
1034 1018 1133 1069 τὸν
1172 1016 1521 1086 ἀμφικτύονα
1552 1017 1818 1084 Αἰσχίνης
1848 1014 1939 1067 καὶ

251 1109 598 1177 λαμπρότητα
637 1109 817 1178 χρόνῳ
848 1112 1036 1177 μακρῷ
1070 1108 1475 1174 βεβαιωθεῖσαν
1514 1103 1745 1173 συγχέας
1776 1103 1809 1157 ἃ
1839 1104 1941 1172 μὲν

156 1201 281 1244 RIH
297 1206 383 1245 405
430 1195 568 1264 ὑπὲρ
593 1196 807 1249 τούτων
838 1193 1052 1264 ἔλαβεν,
1079 1195 1243 1257 αὐτὸς
1267 1193 1337 1246 ὀὲν
1362 1195 1549 1262 εἰδείη,
1574 1191 1712 1245 ἀλλὰ
1737 1193 1902 1262 δεῦρό
1931 1191 1936 1262 Ι

248 1304 310 1354 γε
335 1285 452 1353 ἥκει
478 1286 805 1353 σεμνότερος
829 1284 1071 1353 γεγονὼς
1094 1283 1185 1336 καὶ
1208 1293 1319 1335 τῶν
1335 1280 1941 1349 <ἀνταγωνιστῶν>ἀγα-

249 1374 604 1426 νακτούντων
644 1374 976 1439 αἰσθόμενος
1015 1373 1080 1425 οὐ
1124 1370 1337 1424 δέδοικε
1375 1380 1487 1423 τῶν
1524 1389 1581 1423 τε
1619 1369 1940 1437 ἐπιτηδείων

368 1538 393 1576 3
428 1533 484 1578 cf.
517 1534 550 1578 ι.
575 1532 639 1576 IV
663 1537 807 1588 257,9
932 1536 956 1575 7
990 1532 1047 1576 ef.
1080 1534 1112 1576 t.
1137 1531 1201 1575 IV
1225 1535 1326 1585 977,
1347 1531 1429 1574 1R

370 1701 392 1740 1
426 1684 561 1752 2073}
585 1697 630 1741 Ρ
677 1698 682 1751 Ι
734 1695 936 1754 αἰσχρῶν
968 1683 1070 1739 Mor
1101 1695 1182 1738 sed
1215 1711 1268 1750 γρ
1301 1691 1648 1750 αἰσχυνομένων
1679 1691 1727 1734 in
1760 1705 1894 1748 marg
1929 1692 1933 1750 Ι

244 1754 540 1814 ἀνασχέσθαι
579 1755 744 1811 scripsi
784 1769 808 1798 e
843 1756 930 1798 Ma
1007 1753 1313 1811 αἰσχύνεσθαι
1338 1753 1535 1796 AthPH
1560 1752 1650 1794 edd
1683 1750 1765 1795 sed
1796 1764 1936 1805 προσ-

249 1817 428 1869 ίεσθαι,
468 1811 568 1858 ἀλλ’
612 1813 746 1865 εἰδὼς
793 1813 1169 1869 anteponendum
1213 1812 1316 1855 coni
1355 1811 1422 1853 Re
1498 1808 1752 1867 ἀνέχεσθαι
1793 1808 1938 1854 Cobet

246 1874 349 1918 Coll
373 1878 458 1917 272
581 1879 606 1916 2
641 1872 692 1917 δὲ
723 1873 790 1916 Re
819 1875 823 1927 Ι
851 1878 934 1928 τῆς
964 1885 1040 1916 om
1063 1872 1129 1915 Re
1253 1875 1277 1914 3
1311 1867 1593 1926 ἐφεστηκότα
1620 1870 1708 1912 Ma
1737 1869 1818 1912 sed
1843 1871 1935 1925 ε(1)

246 1962 297 2005 in
328 1975 404 2005 ras
435 1961 505 2005 m²
554 1964 559 2018 Ι
614 1959 825 2020 Φιλίππῳ
860 1961 1023 2017 scripsi
1056 1974 1112 2004 ex
1136 1961 1280 2004 HMa
1350 1946 1579 2014 ‹paziww‘d'v
1603 1959 1649 2002 P
1708 1955 1936 2013 φίλιππον

249 2023 343 2066 Ath
401 2020 522 2065 κατὰ
551 2019 781 2064 Φιλίππου
806 2020 897 2063 edd.
913 2020 1074 2063 Iacobs
1092 2019 1204 2063 Lech
1221 2023 1306 2062 213
1331 2018 1429 2062 Rev
1445 2022 1530 2060 426
1559 2020 1565 2074 Ι
1594 2017 1643 2061 ἐν
1669 2031 1744 2060 om
1767 2016 1878 2060 libri

247 2125 373 2168 inser
387 2123 490 2167 Mor
517 2126 522 2180 Ι
549 2095 913 2179 τιωυσυνεδρίωῆ)
969 2130 1051 2166 τοῦ
1070 2120 1314 2177 συνεδρίου
1332 2122 1572 2166 AthHMa
1631 2123 1693 2178 τῷ
1711 2117 1935 2179 συνεδρίῳ

247 2183 339 2227 edd
381 2185 387 2239 Ι
430 2186 635 2241 χρῆσθαι
673 2184 781 2239 posia
813 2188 960 2239 σιωπῇ
993 2181 1291 2225 inserendum
1324 2181 1428 2224 coni
1460 2180 1576 2234 Mor,
1608 2182 1815 2237 χρῆσθαι
1855 2185 1937 2224 aut

244 2243 371 2299 αὐτῷ
404 2241 829 2299 συναγωνιζόμενον
868 2243 936 2285 vel
976 2242 1065 2285 tale
1104 2241 1216 2296 quid
1247 2239 1314 2282 Re
1354 2239 1429 2282 oui
1468 2239 1743 2282 adversatur
1773 2237 1935 2281 Iacobs

247 2301 360 2344 Lect
385 2306 470 2344 213
591 2306 618 2344 4
650 2303 804 2357 μεῖζον
829 2302 972 2344 ΗΜα
1014 2303 1020 2356 Ι
1070 2299 1198 2355 ὑμῶν
1231 2298 1395 2355 scripsi
1426 2311 1483 2341 ex
1506 2298 1746 2342 AthHMa
1808 2296 1934 2352 ἡμῶν

248 2360 398 2403 Pedd
519 2365 544 2403 5
582 2366 707 2416 „post
733 2358 938 2416 γίγνεται
967 2359 1146 2403 videtur
1179 2355 1277 2411 οὖν,
1309 2359 1377 2401 vel
1401 2356 1458 2412 δὴ
1492 2358 1635 2401 deesse
1660 2362 1744 2400 aut
1764 2357 1830 2400 sic
1853 2357 1933 2413 leq.

243 2419 325 2462 καὶ
343 2418 509 2463 οὑτωσὶ
526 2415 757 2475 γίγνεται“
772 2419 837 2462 Re
866 2420 872 2474 Ι
900 2418 1175 2474 ἀμφικτυών
1185 2418 1379 2461 AthPH
1481 2420 1506 2458 6
1525 2413 1736 2473 αἰσχίνου
1754 2413 1934 2459 ἐκείνου

245 2478 303 2520 Η
359 2475 571 2534 αἰσχίνου
599 2480 686 2522 Ma
810 2483 833 2520 7
871 2476 1056 2537 Θρᾴκη,
1093 2474 1257 2529 Φωκίς,
1287 2473 1463 2519 πυλαία
1496 2474 1759 2545 (ἰοὶθῐιάιιῐιεικ
1779 2474 1935 2516 censet

1774 2549 1816 2583 ις

243 2597 300 2638 ut
330 2597 494 2638 natum
525 2608 550 2638 e
583 2594 757 2638 scholio
789 2595 856 2638 Re
885 2596 890 2651 Ι
922 2596 1072 2645 Φωκίς
1102 2593 1287 2649 reposui
1319 2606 1343 2637 e
1375 2592 1503 2635 libris
1533 2591 1614 2634 sed
1639 2598 1810 2647 φωκεῖς
1831 2593 1877 2635 Ρ

250 2655 383 2710 Φώκη
417 2653 508 2697 edd
540 2653 622 2697 sed.
658 2667 775 2709 „non
808 2654 940 2710 φώκη
974 2654 1164 2704 dieitwr,
1201 2653 1276 2696 sed
1309 2658 1392 2696 aut
1423 2650 1570 2707 φωκὶς
1600 2655 1683 2693 aut
1714 2648 1928 2706 φωκαία“

246 2713 314 2755 Re
436 2717 461 2755 8
494 2726 675 2756 comma
706 2715 812 2768 post
842 2712 988 2756 τόπον
1021 2712 1087 2755 Re
1151 2710 1302 2755 delevi
1432 2714 1486 2752 10
1518 2707 1812 2765 ἀμφικτυόνα
1837 2709 1937 2753 ΡΗ

299 2769 612 2827 Ἀμφικτύονα
644 2772 747 2814 coni
770 2772 838 2814 Re
962 2776 1014 2814 13
1048 2787 1097 2827 γε
1130 2785 1205 2814 om
1231 2771 1319 2814 Ma
1347 2771 1351 2827 Ι
1380 2769 1732 2824 ἀνταγωνιστῶν
1755 2767 1931 2810 inserui

306 2843 380 2873 om
404 2830 513 2873 libri
537 2830 628 2873 edd
694 2845 829 2887 „num
859 2837 952 2874 τῶν
976 2828 1016 2873 τ’
1047 2830 1231 2886 ἐχθρῶν
1264 2826 1710 2885 ἀγανακτούντωνὲ“
1748 2826 1813 2871 Re

249 2893 303 2931 14
335 2887 547 2932 δέδοικεν
574 2890 662 2933 Μα
690 2891 695 2944 Ι
722 2887 762 2931 τ’
800 2889 867 2932 Re
