2010 3168
0 3107 8 3168 -ww
0 3025 7 3090 w-⁴
0 2975 6 2994 v.

875 497 1127 553 XXVIII.

266 623 578 671 Declamatio
594 623 835 684 inscripta
852 620 1192 686 Παράσιιος
1214 619 1307 670 ἐπὶ
1332 621 1578 670 δεῖπνον
1596 621 1842 686 κληθεὶς

149 694 514 761 βουλόμενος
553 700 773 745 θᾶττον
805 694 1141 759 ἀπαντῆσαι
1180 695 1363 745 ἵππον
1402 693 1598 760 λαβὼν
1635 703 1748 745 τῶν
1786 695 1842 756 ἐξ

151 769 528 835 ἱπποδρόμου
574 764 760 835 ἦλθεν
805 770 890 829 εἰς
936 768 1040 833 τὴν
1087 769 1285 819 οἰκίαν
1331 777 1433 819 τοῦ
1473 766 1842 834 κεκληκότος.

149 843 345 909 βωμὸς
393 841 452 894 δὲ
499 836 571 908 ἦν
616 844 727 909 πρὸ
773 851 876 908 τῆς
923 843 1166 893 αὐλείου
1213 844 1431 910 θύρας,
1485 845 1735 908 νομίσας
1784 842 1842 893 δὲ

148 917 417 983 καμπτὸν
449 913 604 967 εἶναι
636 918 736 968 τὸν
769 917 968 983 βωμὸν
1001 914 1026 966 ὁ
1053 917 1230 977 ἵππος
1254 917 1480 982 ἔκαμψε
1505 916 1602 967 καὶ
1627 933 1843 984 συναρ-

150 992 340 1051 πάσας
370 991 471 1040 τὸν
502 993 832 1056 παράσιτον
864 991 1142 1058 ἀπήγαγε.
1186 991 1284 1041 καὶ
1324 992 1529 1055 μείνας
1562 990 1844 1052 ἄδειπνος

148 1075 214 1136 τῇ
261 1065 540 1134 ὑστεραίᾳ
588 1065 799 1116 ἑαυτὸν
844 1064 1269 1132 πρθίῖαγγέλλει
1318 1082 1416 1129 qua
1461 1068 1713 1129 parasitus
1755 1084 1846 1130 per

149 1157 332 1203 equum
364 1142 629 1189 circensem
661 1157 801 1188 aram
833 1142 977 1189 aulae
1009 1157 1099 1203 pro
1130 1144 1265 1189 meta
1290 1142 1613 1204 accipientem
1639 1157 1759 1190 cena
1782 1143 1846 1189 ad

149 1231 299 1278 quam
323 1215 568 1263 invitatus
601 1218 708 1263 erat
738 1216 1007 1264 frustratus
1030 1217 1088 1263 ut
1110 1218 1318 1263 mortem
1349 1216 1523 1264 subeat
1546 1231 1576 1263 a
1599 1216 1844 1264 iudicibus

148 1291 276 1351 petit
288 1283 353 1355 ¹),
400 1291 560 1353 magis
609 1306 760 1351 quam
808 1290 967 1337 altera
1008 1283 1190 1355 (aeque
1230 1292 1380 1352 atque
1425 1290 1564 1352 prior
1601 1290 1844 1339 δυσκόλου

150 1365 310 1427 magis
362 1379 511 1425 quam
556 1359 738 1430 altera)
786 1364 972 1426 lepore,
1001 1364 1281 1427 argumenti
1322 1366 1373 1413 et
1418 1365 1708 1413 elocutionis
1748 1367 1844 1412 sin*-

150 1439 375 1501 gularem
407 1439 622 1501 gratiam
654 1438 896 1486 lectorum
934 1438 1062 1486 iniit.
1076 1432 1118 1504 2)
1156 1438 1336 1500 Itaque
1374 1441 1574 1486 tantum
1615 1438 1752 1487 abest
1789 1441 1846 1486 ut

150 1509 410 1574 ‘corporis'
430 1511 608 1560 finibus
635 1513 849 1560 coercita
872 1513 951 1574 sit,
967 1515 1025 1559 ut
1048 1528 1146 1560 non
1172 1513 1331 1560 solum
1355 1508 1843 1576 inplures,‘eclogas'

148 1589 348 1648 recepta
387 1587 454 1634 sit
493 1587 576 1634 sed
618 1587 768 1635 etiam
803 1581 1066 1634 ‘solitaria'
1099 1589 1350 1635 manserit.
1406 1582 1653 1636 Numerus
1690 1587 1847 1650 igitur

148 1661 374 1708 codicum
422 1660 601 1723 quibus
650 1661 712 1708 ad
750 1661 880 1708 hanc
920 1663 1133 1708 aetatem
1173 1661 1422 1722 pervenit,
1469 1663 1712 1709 maximus
1757 1664 1843 1710 est.

149 1733 278 1782 Sunt
310 1736 441 1781 enim
471 1735 526 1782 hi
558 1736 651 1782 42:

272 1892 313 1946 1)
345 1890 414 1934 De
446 1891 535 1934 hac
566 1904 616 1934 re
651 1891 707 1934 cf.
733 1905 777 1946 p.
804 1895 892 1934 494
930 1892 1027 1934 not.
1055 1896 1094 1935 1.
1156 1890 1278 1934 Huic
1302 1905 1487 1947 quoque
1513 1891 1845 1935 declamationi

149 1963 312 2008 ansam
356 1964 380 1993 e
423 1950 565 1994 mimo
609 1950 815 2006 quodam
860 1949 942 2005 (cf.
974 1950 1129 1994 Iuven.
1154 1950 1196 1994 V
1223 1953 1332 2005 157)
1371 1950 1621 1995 Libanium
1669 1951 1845 2008 cepisse

151 2008 450 2063 coniecerim,
492 2010 573 2053 sed
605 2010 655 2052 in
686 2023 886 2066 persona
915 2008 1177 2064 παρασίτου
1210 2010 1510 2067 depingenda
1550 2009 1702 2054 multa
1740 2023 1846 2054 eum

149 2068 419 2111 comoediae
439 2045 631 2112 'Atticae
666 2068 740 2125 (cf.
768 2067 818 2112 O.
844 2068 1071 2122 Ribbeck,
1100 2068 1251 2112 Kolax
1272 2084 1316 2126 p.
1344 2074 1397 2113 21
1418 2084 1507 2127 sq.3
1540 2071 1667 2113 Aem.
1695 2069 1845 2124 Giese,

148 2127 217 2171 De
255 2127 454 2184 parasiti
485 2141 698 2194 persona,
731 2127 937 2171 Berolini
981 2132 1093 2171 1908
1125 2143 1171 2184 p.
1198 2131 1343 2185 9sq.),
1376 2129 1519 2172 etiam
1552 2129 1688 2184 plura
1718 2129 1846 2182 litte-

148 2199 306 2230 rarum
338 2187 498 2242 generi
530 2187 655 2242 quod
698 2186 1069 2244 χαρακτηρισμός
1107 2187 1377 2244 appellatur
1408 2188 1481 2244 (cf.
1515 2187 1726 2232 Ribbeck
1758 2187 1786 2231 1
1814 2188 1843 2231 1.

150 2261 192 2302 p.
221 2250 274 2289 31
295 2248 380 2301 sq.)
414 2246 584 2290 debere
615 2247 732 2290 mihi
764 2259 1038 2302 persuasum
1070 2248 1153 2290 est.

269 2307 313 2361 2)
345 2305 382 2347 E
415 2306 647 2350 contrario
679 2305 803 2349 inter
832 2308 1063 2349 nostrates
1095 2306 1148 2349 A.
1183 2305 1366 2350 Gasdae
1399 2308 1459 2362 (p.
1487 2309 1530 2363 4)
1564 2306 1845 2350 declamatio

149 2378 177 2406 a
201 2364 398 2407 Libanio
432 2364 751 2408 abiudicanda
783 2364 1094 2421 scriptorique
1119 2365 1288 2409 aetatis
1322 2365 1469 2409 multo
1499 2365 1731 2409 inferioris
1761 2366 1845 2409 tri-

148 2423 338 2469 buenda
370 2423 469 2467 visa
502 2426 585 2467 est
647 2425 710 2467 At
748 2438 865 2480 quas
906 2423 987 2468 ille
1026 2424 1226 2480 protulit
1264 2423 1543 2468 offensiones
1583 2427 1667 2468 aut
1705 2424 1845 2468 facile

149 2482 380 2525 tolluntur
412 2484 505 2535 aut,
539 2486 593 2527 ut
625 2481 803 2540 Κίρκης
834 2500 997 2539 αντρα,
1029 2498 1122 2527 non
1155 2486 1274 2528 sunt
1339 2483 1460 2527 Nam
1494 2482 1645 2527 Circes
1681 2483 1844 2527 domus

150 2555 255 2584 cum
297 2540 571 2597 Calypsonis
612 2545 746 2586 antro
793 2542 865 2586 vel
910 2541 1172 2600 Lotophagi
1221 2556 1326 2586 cum
1370 2541 1616 2586 Ciconibus
1664 2543 1846 2587 confusi

149 2615 193 2674 p.
221 2604 329 2655 582,
347 2604 373 2643 8
392 2615 475 2656 sq.,
508 2601 658 2645 Ulixis
686 2602 800 2645 socii
832 2616 860 2645 a
892 2601 1021 2645 Circe
1054 2602 1119 2652 εἰς
1151 2602 1264 2652 σύας
1294 2602 1374 2645 καὶ
1406 2598 1628 2646 ποικίλων
1659 2600 1843 2658 θηρίων

152 2658 286 2713 ὄψεις
322 2660 642 2704 transformati
680 2661 743 2704 ib.
773 2666 849 2715 12,
893 2661 1134 2705 Diomedis
1174 2661 1366 2704 Thracis
1411 2674 1556 2715 equae
1600 2661 1754 2705 dictae
1794 2661 1843 2705 αἱ

148 2718 456 2775 Αἰτωλικαὶρ
425 2734 470 2775 p.
490 2723 628 2773 586,8
651 2734 743 2764 non
768 2720 920 2776 magis
943 2720 1060 2763 mihi
1086 2720 1144 2764 ab
1169 2719 1327 2763 indole
1351 2719 1549 2775 parasiti
1574 2719 1654 2776 qui
1679 2735 1844 2776 parum

150 2778 288 2822 libros
312 2779 513 2834 inspexit
536 2778 704 2835 (Plaut.
732 2778 874 2823 Stich.
900 2781 1003 2835 454)
1036 2779 1282 2823 abhorrere
1315 2779 1532 2822 videntur
1554 2793 1693 2833 quam
1716 2780 1842 2823 Dae-

150 2837 284 2880 dalus
315 2838 517 2881 Niobam
558 2839 610 2881 in
640 2852 804 2894 equum
839 2839 1091 2882 Troianum
1133 2838 1372 2883 includens
1409 2837 1483 2881 vel
1522 2838 1765 2883 Diomedes
1803 2845 1844 2883 et

156 2895 441 2952 Ganymedes
470 2898 639 2950 fratres
670 2898 873 2942 Helenae
902 2896 977 2940 vel
1007 2900 1322 2954 Ayamemnon
1346 2898 1571 2941 Helenam
1593 2899 1780 2954 rapiens
1803 2904 1845 2942 et

150 2955 339 2998 Dianae
369 2969 542 2999 cervam
573 2957 800 3000 subiciens
824 2971 851 2999 a
882 2955 1225 2999 Trimalchione
1256 2955 1536 2999 Petroniano
1568 2959 1641 3012 (52
1675 2959 1722 3000 et
1754 2959 1840 3011 59).
