2010 3168
716 101 973 147 CEPHALI
1005 102 1228 147 ORATIO
1711 102 1813 155 129

121 241 296 310 αὑτὴν
327 240 574 307 ὀμόσασα
604 240 664 293 τὸ
699 240 773 294 οὐ
811 240 1275 308 μνησικακήσω
1314 239 1470 305 μετὰ
1509 238 1626 306 τὴν
1666 238 1813 291 στά-

122 342 255 397 σιν,
287 330 380 382 ἴνα
411 330 483 398 μὴ
507 330 743 398 κρίσεων
772 326 862 382 καὶ
888 337 1072 381 κακῶν
1106 327 1348 397 ἐμπλήσῃ
1382 327 1483 396 τὴν
1514 329 1814 392 πολιτείαν,

120 418 221 487 οὐχ
251 413 419 486 ἧττον
458 417 705 486 ἀτύχημα
745 419 840 480 τὰς
880 427 1127 486 συνεχεῖς
1167 414 1228 469 ἐν
1267 417 1606 486 δημοκρατίᾳ
1658 418 1814 479 δίκας

118 509 415 574 νομίζουσα
453 513 550 574 τῆς
588 505 918 575 ὀλιγαρχίας.
960 505 1104 558 οὕτω
1146 505 1236 558 καὶ
1270 504 1299 558 ὁ
1334 506 1503 576 δῆμος
1540 506 1640 557 τὸν
1679 505 1814 572 ε’μὸν

118 597 327 665 τρόπον
364 594 688 664 ἐμιμήσατο,
728 597 940 663 μᾶλλον
978 590 1039 647 δὲ
1079 595 1176 647 τὸν
1215 601 1309 662 τῆς
1347 597 1555 656 πόλεως
1597 593 1715 661 ἐγώ.

228 684 315 736 23.
362 683 513 737 Ἀλλὰ
545 682 636 737 καὶ
669 683 796 737 νυνὶ
830 686 1084 754 τήμερον,
1125 682 1176 736 εἴ
1205 696 1294 735 σοι
1332 681 1523 751 μηδεὶς
1563 682 1813 736 ἀντεποι-

117 782 229 827 εῖτο
267 782 363 842 τῆς
400 780 574 842 τιμῆς,
614 773 716 826 οὐκ
748 772 817 825 ἂν
849 773 1025 835 εὐθὺς
1058 772 1244 839 λαβὼν
1283 771 1657 841 ἀπηλλάττου,
1698 771 1812 825 ἐπεὶ

118 859 178 916 δὲ
215 863 315 915 τὸν
353 861 840 931 ἀντεξεταζόμενον
878 861 1129 932 εὕρηκας,
1168 861 1516 924 κινδυνεύεις
1553 862 1691 930 πρὸς
1736 867 1810 933 τῷ

115 952 187 1020 μὴ
230 961 416 1021 τυχεῖν
454 949 544 1004 καὶ
585 954 790 1004 κακίων
836 949 1126 1020 νομισθεὶς
1173 950 1455 1004 ἀπελθεῖν.
1509 958 1710 1020 μικροῦ
1751 970 1811 1019 γε

115 1040 359 1109 <λόγου>
403 1047 503 1094 τοῦ
549 1042 683 1108 μετὰ
728 1041 999 1094 κινδύνου
1047 1040 1146 1093 τὸν
1191 1039 1681 1108 ἀναμφισβήτητον
1735 1042 1812 1102 εἰς

115 1129 315 1199 ἀρετὴν
346 1138 586 1196 κρατεῖν.
621 1128 738 1182 ἐπεὶ
771 1126 831 1182 δὲ
865 1131 1183 1198 φιλόνεικος
1214 1123 1279 1196 εἶ,
1313 1127 1464 1199 φέρε,
1489 1129 1629 1200 (τῷ)
1662 1130 1812 1182 δικα-

116 1225 282 1291 στικῷ
302 1219 455 1290 νόμῳ
481 1220 777 1287 χρήσωμαι.
796 1218 1006 1271 κελεύει
1032 1215 1093 1271 δὲ
1117 1221 1175 1270 τί
1180 1241 1193 1281 ;
1217 1219 1313 1281 τὰς
1330 1222 1553 1281 πλειόυς
1576 1227 1811 1287 κρατεῖν.

114 1306 205 1361 καὶ
251 1315 361 1362 νῦν
408 1308 513 1379 ὅτῳ
562 1311 811 1361 πλεῖσται
860 1309 1206 1376 γενήσονται,
1257 1308 1317 1360 τὸ
1367 1306 1529 1375 γέρας
1568 1309 1810 1376 λήψεται.

116 1396 200 1448 24.
243 1396 452 1449 οὐκοῦν
492 1396 585 1464 ἐμὲ
623 1394 726 1466 μὲν
772 1397 973 1459 πάντες
1029 1395 1305 1465 Ἀθηναῖοί
1349 1410 1485 1464 φασι
1531 1398 1810 1450 πολιτεύε-

115 1489 250 1539 σθαι
286 1490 476 1548 καλῶς.
511 1485 695 1548 οὐδεὶς
729 1482 859 1538 οὐδὲ
883 1488 1114 1554 κρίσεως
1145 1484 1304 1549 ἄξιον
1328 1485 1586 1555 ἡγήσατο,
1612 1494 1715 1540 σοῦ
1748 1484 1809 1539 δὲ

113 1573 309 1628 πολλοὶ
348 1573 724 1642 κατέγνωσαν,
765 1571 807 1627 ὦ
847 1573 986 1644 μέγα
1025 1583 1255 1644 φρονῶν
1300 1582 1375 1647 τῷ
1421 1578 1494 1643 μὴ
1542 1585 1811 1644 κατεγνῶ-

114 1669 265 1716 σθαι.
305 1673 526 1734 πρῶτον
564 1663 666 1733 μὲν
706 1665 765 1716 οἱ
798 1666 1108 1733 κατήγοροι.
1163 1662 1268 1716 κᾶν
1314 1664 1552 1734 ἀθροίσῃ
1599 1685 1682 1728 τις
1721 1666 1812 1718 αὐ-

113 1754 244 1816 τοὺς
296 1755 527 1822 μόνους,
577 1751 756 1806 ἱκανοὶ
795 1757 1083 1822 πληρῶσαι
1121 1754 1222 1821 τὴν
1261 1753 1482 1822 ἡλιαίαν
1520 1755 1639 1807 εἰσί.
1688 1768 1809 1806 τοσ-

115 1848 271 1895 οῦτοι
325 1841 812 1912 κατεμαρτύρησάν
867 1855 969 1895 σου
1020 1840 1112 1894 καὶ
1160 1848 1377 1913 φανερᾷ
1421 1861 1483 1911 γε
1529 1851 1593 1912 τῇ
1643 1845 1809 1915 ψήφῳ

113 1933 571 2000 κατεψηφίσαντο.
613 1931 875 2001 δεύτερον
922 1931 981 1983 oc
1021 1933 1627 2000 καταμαρτυρήσαντες,
1674 1933 1807 1985 ἄλλο

113 2021 378 2089 πλήρωμα
425 2021 795 2090 δικαστηρίου.
852 2019 919 2072 οὐ
966 2020 1162 2073 τοίνυν
1208 2017 1326 2073 οὐδ’
1374 2020 1432 2073 οί
1472 2029 1567 2089 τῆς
1619 2023 1810 2090 ψήφου

235 2201 258 2239 1
292 2196 483 2241 cf.t.11
509 2200 623 2249 23‚2

233 2362 258 2400 3
291 2358 503 2416 ἀτύχημα
533 2358 616 2408 τὰς
647 2364 854 2415 συνεχεῖς
885 2357 1051 2415 scripsi
1084 2358 1351 2402 auctoribus
1377 2358 1626 2416 Spengelio
1651 2362 1699 2404 et
1724 2359 1808 2404 Co-

113 2416 223 2460 beto
284 2417 556 2493 ἀτυχήματα
582 2415 762 2474 συνέχει
780 2418 868 2461 Ma
929 2418 1199 2475 ἀτυχήματα
1225 2417 1432 2492 συνέχεις
1449 2419 1495 2463 Ρ
1611 2424 1638 2462 4
1664 2435 1809 2470 ουτως

116 2475 204 2519 Ma
267 2472 401 2527 οὗτος
424 2478 470 2520 Ρ
588 2481 611 2519 ’1
645 2481 777 2532 τιμῆς
808 2476 972 2533 scripsi
1035 2477 1143 2533 ἐμῆς
1170 2478 1306 2522 ΜαΡ
1341 2479 1348 2534 1
1392 2494 1451 2522 αν
1482 2480 1589 2535 post
1620 2479 1706 2523 οὐκ
1735 2479 1808 2522 in-

114 2535 238 2579 serui
270 2548 295 2578 e
320 2536 430 2588 Ma
471 2536 584 2580 olim
627 2537 735 2592 post
771 2536 924 2594 λαβὼν
987 2550 1064 2580 0111
1089 2538 1135 2580 P
1266 2541 1293 2580 8
1325 2537 1442 2592 πρὸς
1471 2542 1534 2596 τῷ
1559 2537 1619 2595 μὴ
1647 2545 1807 2606 τυχεῖν

114 2594 280 2651 scripsi
322 2608 348 2640 ο
386 2596 474 2640 Ma
545 2595 662 2648 πρὸς
704 2595 757 2639 τὸ
803 2603 959 2652 τυχεῖν
995 2597 1040 2640 Ρ
1113 2596 1365 2653 ἀποτυχεῖν
1411 2584 1523 2640 olim
1570 2596 1733 2653 scripsi

114 2652 230 2708 πρὸς
261 2657 324 2713 τῷ
357 2655 608 2712 ἀποτυχεῖν
640 2653 785 2698 Cobet
906 2659 961 2698 10
993 2652 1132 2711 λόγου
1164 2655 1339 2698 inserui
1401 2669 1476 2699 om
1502 2656 1639 2700 MaP
1695 2655 1807 2700 olim

114 2713 190 2756 δεῖ
217 2726 301 2780 pro
333 2729 384 2770 γε
416 2714 582 2770 scripsi
704 2718 755 2756 11
789 2721 976 2769 κρατεῖν
1002 2714 1167 2770 scripsi
1229 2722 1388 2768 κρατεῖ
1406 2716 1544 2759 ΜαΡ
1589 2717 1594 2770 Ι
1644 2718 1706 2774 τῷ
1734 2715 1806 2758 in-

115 2771 236 2814 serui
297 2786 368 2816 om
391 2774 527 2818 MaP
550 2775 556 2829 Ι
585 2774 814 2817 δικαστῶν
830 2774 917 2818 Ma
978 2788 1089 2816 num
1115 2776 1370 2832 δικανικῷῖ
1492 2779 1545 2818 13
1563 2776 1810 2819 πλεῖσταΡ

119 2860 122 2905 ἱ
158 2846 435 2917 γενήσονται
461 2862 507 2905 Ρ
648 2865 702 2905 15
742 2860 852 2907 οὐδὲ
885 2861 1051 2918 scripsi
1127 2862 1231 2907 οὔτε
1258 2863 1394 2908 ΜαΡ
1536 2867 1589 2906 17
1622 2861 1691 2915 τίς
1717 2863 1806 2907 Μα

237 2923 291 2962 18
323 2919 480 2964 ἱκανοὶ
506 2921 594 2965 Ma
627 2919 708 2964 sed
741 2936 784 2964 οι
816 2935 873 2964 ox
902 2937 932 2977 η
966 2935 1067 2965 corr
1099 2922 1168 2965 m⁸

205 3002 402 3034 mems
426 3002 737 3034 ed.Focrster.
762 3003 827 3034 VI.
1424 3001 1449 3038 9

1838 1063 1880 1095 10

1835 1508 1876 1541 15

1833 1954 1877 1986 20
