2010 3168
593 72 1020 116 DEMOSTHENIS
1052 72 1356 118 APOLOGIA
1712 74 1818 126 421

133 212 493 278 κατεφίλησα,
548 211 864 279 ἔρρωσθε,
919 202 1099 277 εἷπον,
1133 208 1402 278 Ἀθῆναι
1453 214 1669 278 καλαί,
1716 209 1822 263 καὶ

133 301 333 352 ἄλλον
373 297 677 366 ἐνέγκατε
716 297 1171 367 Δημοσθένην.
1214 299 1297 353 72.
1332 296 1512 368 ἦλθον
1542 301 1621 362 εἰς
1644 298 1822 352 Ἐλευ-

133 397 261 441 σῑνα
290 387 643 456 τηρούμενος,
674 387 925 440 θανάτου
957 387 1232 456 δεόμενος,
1259 388 1417 458 ξίφος
1443 391 1615 456 ζητῶν
1637 388 1670 457 ἢ
1695 390 1822 458 βρό-

132 475 303 546 χονῆ
352 474 658 546 φάρμακον.
715 473 756 530 ὦ
800 479 1039 546 Κριτία
1091 477 1197 529 καὶ
1251 477 1631 545 τριάκοντα,
1685 478 1823 547 πρὸς

133 565 369 634 ἐμαυτὸν
423 561 603 634 εἶπον,
666 565 982 635 μακάριος
1043 564 1448 635 Θηραμένης,
1509 565 1818 634 μακάριοι
1868 587 1887 620 5

132 658 196 709 οἳ
238 656 306 708 τὸ
353 652 630 708 κώνειον
678 658 940 718 πιόντες
995 654 1062 708 ἐν
1104 653 1408 724 Ἀθήναις
1461 654 1824 724 ἀπέθανον,

130 742 249 812 ἐγὼ
299 741 367 797 δὲ
415 745 508 807 εἰς
552 745 981 797 Μακεδονίαν
1029 745 1310 812 σύρομαι
1355 744 1437 797 τὼ
1492 753 1668 814 χεῖρε
1723 745 1824 796 δε-

131 831 426 902 δεμένος,
473 833 580 886 ἵνα
626 831 766 902 μηδ’
821 833 941 886 ἀπὸ
989 835 1206 903 χειρός
1251 853 1400 886 τινα
1454 835 1823 902 πορίσωμαι

130 923 288 991 πρὸς
328 921 722 992 ἐλευθερίαν
754 924 1105 992 συμβολήν.
1146 922 1532 992 ἐμαρτυράμην
1563 923 1658 985 τὰς
1689 923 1825 984 θεὰς

129 1010 220 1065 καὶ
265 1012 367 1080 τὴν
412 1015 705 1079 Σαλαμῖνα
750 1011 970 1080 βλέπων
1018 1011 1251 1065 ἐκάλουν
1307 1012 1405 1065 τὸν
1455 1010 1823 1081 Θεμιστοκλέα
1850 1033 1891 1065 ιο

131 1100 327 1169 λέγων·
385 1101 453 1154 σὲ
507 1097 623 1170 μὲν
677 1103 771 1163 εἰς
824 1101 1203 1170 βαρβάρους
1252 1098 1606 1169 ἔπεμψενὴ
1655 1101 1822 1169 Τύχη

128 1190 284 1258 μετὰ
315 1190 431 1258 τὴν
455 1190 823 1258 θάλασσαν,
850 1189 968 1258 ἐγὼ
1001 1187 1070 1243 δὲ
1101 1191 1275 1243 ἄκων
1307 1191 1547 1259 ἄπειμι.
1589 1190 1672 1243 73.
1698 1190 1824 1258 ἠγό-

129 1300 238 1349 μην
277 1280 370 1332 διά
409 1281 678 1342 Βοιωτίας
726 1278 1156 1332 ἐπιδεικνύντων
1203 1299 1269 1348 με
1314 1287 1433 1341 ταῖς
1482 1282 1674 1332 πόλεσι
1712 1287 1824 1332 τῶν

134 1370 477 1423 Μακεδόνων
501 1367 574 1431 ὡς
604 1370 873 1438 τρόπαιον
903 1377 998 1437 τῆς
1016 1366 1288 1431 Ἑλλάδος.
1321 1367 1577 1432 ἑστέναξα
1607 1368 1824 1437 παριὼν

129 1458 228 1512 τὸν
259 1456 615 1528 Ἐλευθέριον
654 1456 716 1510 ἐν
754 1462 1071 1521 Πλαταιαῖς.
1111 1459 1458 1527 Χαιρώνειαν
1497 1455 1824 1525 ἐλοιδόρησα
1848 1479 1890 1511 15

129 1548 201 1616 μὴ
241 1548 425 1600 πεσὼν
464 1544 574 1600 ἐκεῖ
611 1547 744 1615 μετὰ
791 1556 902 1599 τῶν
950 1546 1179 1615 ἀγαθῶν
1225 1549 1431 1616 χιλίων.
1481 1544 1597 1599 ἐπεὶ
1646 1543 1707 1599 δὲ
1746 1547 1824 1609 εἰς

135 1638 320 1704 Θήβας
359 1636 526 1698 αὐτὰς
564 1636 792 1704 ἥκομεν,
840 1635 946 1704 ἐγὼ
993 1633 1095 1703 μὲν
1142 1634 1374 1704 ἐδεόμην
1421 1645 1533 1688 τῶν
1572 1635 1823 1703 ἀγόντων

130 1725 435 1793 ἐγκαλύψαι
497 1725 589 1778 καὶ
650 1725 722 1794 μὴ
786 1723 962 1789 δεῖξαί
1019 1745 1085 1794 με
1152 1725 1413 1794 Θηβαίοις
1475 1724 1823 1793 αἰχμάλωτον

129 1814 412 1883 ἀγώγιμον
448 1815 730 1868 Φιλίππου
768 1815 867 1868 τὸν
904 1817 1266 1883 πρεσβευτήν,
1305 1816 1404 1868 τὸν
1444 1822 1654 1883 σεμνῶς
1684 1811 1822 1882 παρ’

251 1979 305 2078 ἐξ
329 1975 472 2076 Tflffuc.
497 1974 678 2079 1215'572132.
709 1975 846 2020 Paus.
862 1975 927 2018 IX
943 1980 1022 2032 2‚5
1146 1980 1199 2019 16
1226 1975 1284 2019 cf.
1313 1976 1374 2018 ad
1397 1990 1441 2031 p.
1463 1979 1622 2030 299,1;
1656 1978 1821 2028 306,17

338 2048 363 2078 0
387 2071 395 2079 ·
428 2050 472 2091 P·
591 2069 602 2089 ν

256 2188 277 2226 1
313 2178 348 2226 ὦ
373 2185 482 2226 ante
507 2184 691 2238 ἀθῆναι
709 2185 798 2228 Ma
919 2188 944 2226 2
977 2182 1122 2235 ἄλλως
1144 2183 1247 2227 Mor
1367 2188 1392 2226 3
1426 2181 1825 2240 κατηγορούμενος

131 2244 176 2287 Β
315 2248 342 2286 4
373 2242 508 2300 πρὸς]
548 2242 628 2286 καὶ
660 2243 988 2288 HVVaBPar
1119 2247 1145 2286 5
1177 2244 1285 2317 post
1317 2239 1448 2287 εἶπον
1480 2242 1554 2286 lac
1587 2247 1612 2285 3
1644 2240 1725 2284 litt
1756 2241 1824 2285 Va

251 2306 276 2344 6
322 2301 367 2346 οἳ
407 2301 570 2358 scripsi
603 2316 626 2344 e
660 2304 707 2374 P
740 2316 845 2346 cum
886 2301 1067 2346 Sinteni
1151 2301 1196 2345 οἱ
1228 2304 1285 2346 H
1292 2303 1379 2347 VI
1377 2303 1648 2346 aBParMa
1687 2300 1779 2343 edd
1814 2300 1819 2358 Ι

133 2359 350 2412 πίνοντες
375 2361 463 2405 Ma
585 2365 608 2404 7
641 2358 745 2419 χέρε
769 2362 876 2405 HV
998 2366 1024 2406 8
1056 2361 1117 2418 μὴ
1150 2359 1200 2404 δ’
1229 2363 1509 2406 HVaParP
1564 2361 1616 2404 δὲ
1647 2359 1708 2415 μὴ
1735 2361 1824 2403 Ma

252 2424 277 2463 9
309 2419 427 2475 πρὸς
458 2433 533 2463 om
559 2422 656 2464 Par
698 2422 704 2478 Ι
747 2420 978 2479 συμβολήν
1010 2420 1178 2477 scripsi
1208 2434 1264 2464 ex
1291 2421 1342 2464 Η
1353 2421 1481 2465 VMa
1513 2434 1618 2463 cum
1650 2417 1822 2462 Cobeto

132 2478 234 2523 Coll
265 2483 348 2522 291
429 2478 690 2537 συμβουλήν
725 2481 988 2524 VaBParP
1017 2481 1098 2524 sed
1129 2479 1178 2523 in
1210 2480 1298 2524 hoc
1329 2482 1428 2536 v(2)
1462 2493 1576 2533 eras,
1614 2478 1705 2522 edd

135 2542 189 2582 10
221 2538 305 2595 τὴν
337 2538 512 2581 inserui
544 2552 568 2582 e
599 2538 732 2583 libris
765 2539 846 2583 sed
878 2539 926 2583 in
953 2542 999 2584 P
1023 2540 1148 2583 inser
1179 2539 1249 2581 m²
1324 2553 1399 2584 om
1430 2539 1523 2583 edd
1593 2536 1709 2592 πρὸς
1739 2535 1823 2592 τὴν

134 2597 239 2641 coni
269 2598 338 2641 Re
365 2598 372 2655 Ι
400 2599 650 2653 σαλαμῖνος
674 2600 720 2643 Ρ
746 2599 828 2643 sed
862 2615 913 2649 ος
942 2599 991 2642 in
1024 2616 1054 2642 α
1080 2613 1181 2642 corr
1204 2597 1274 2641 m²
1301 2599 1306 2654 Ι
1333 2598 1414 2642 τὸν
1446 2596 1620 2641 inserui
1645 2610 1699 2639 ex
1725 2596 1829 2639 HV

144 2657 453 2702 VaBParMa
515 2670 589 2700 om
616 2659 661 2701 P
687 2657 777 2701 edd
900 2663 952 2701 11
987 2656 1129 2714 λέγων
1164 2658 1206 2702 V
1231 2658 1313 2701 sed
1344 2658 1394 2700 in
1418 2654 1598 2731 βλέπων
1631 2669 1731 2699 corr
1753 2654 1823 2697 m³

134 2714 140 2775 l
178 2715 243 2766 εἰς
274 2714 539 2774 βαρβάρους
563 2730 637 2760 om
663 2718 709 2760 P
734 2716 836 2761 Mor
958 2722 1010 2761 12
1043 2716 1286 2761 θάλατταν
1308 2718 1397 2760 Μα
1425 2725 1429 2770 Ι
1458 2715 1583 2759 ἄκων
1616 2728 1691 2758 om
1721 2713 1823 2756 Mor

255 2779 308 2818 13
343 2774 419 2818 ἐπὶ
444 2775 547 2818 HV
666 2779 718 2818 15
750 2774 804 2832 τὴ
809 2793 836 2820 ν
868 2774 1140 2831 ἐλευθερίαν
1166 2778 1264 2820 Par
1396 2779 1450 2818 18
1481 2774 1557 2818 καὶ
1591 2772 1765 2817 inserui
1797 2786 1822 2815 e

132 2834 232 2878 Par
292 2847 368 2876 om
393 2835 451 2877 H
455 2834 756 2878 VVaBMaP
774 2835 866 2878 edd
892 2837 899 2891 Ι
925 2833 1219 2893 θηβαίοις-
1239 2839 1378 2886 422,1
1407 2831 1635 2889 φιλίππου
1659 2834 1822 2888 postea

132 2892 258 2940 inser
280 2894 325 2942 B
353 2894 360 2947 Ι
387 2892 596 2955 θηβαιὰς
628 2894 797 2941 VaPar
858 2892 1063 2957 βεβαίοις
1087 2893 1193 2939 HV
1308 2898 1362 2938 19
1396 2890 1623 2952 φίλιππον
1654 2893 1822 2940 VaPar
