2010 3168
547 55 1028 141 ARIST'OPHON'HS
1062 95 1394 141 ANTILOGIA
1711 96 1811 149 151

131 231 312 302 ὥσπερ
344 231 499 298 ἡμῶν
530 229 772 298 ἕκαστος,
806 232 868 286 ἐν
897 235 1133 305 πινακίῳ
1167 230 1541 302 γεγραμμένος
1572 237 1816 300 οἴκοθεν,

131 322 330 388 λόγους
367 316 428 373 δὲ
466 323 842 389 προκαθιήσιν
879 320 939 375 ἐκ
987 326 1224 390 πολλοῦ,
1270 320 1374 374 κᾶν
1419 318 1521 388 μὲν
1559 320 1816 390 ἀντιλέγῃ

129 409 342 478 μηδείς,
389 405 650 477 ἔγραψεν·
705 408 774 478 ἣν
825 407 886 463 δὲ
932 409 1022 463 καὶ
1072 411 1304 479 σμικρὸν
1349 410 1671 481 ὑποκρούσῃ
1718 430 1816 478 τις,
1869 423 1877 431 ’

129 496 220 551 καὶ
272 498 566 567 προίδηται
620 501 859 568 γραφήν,
921 500 1087 569 ῥίψας
1146 500 1207 553 τὸ
1271 501 1529 568 ψήφισμα
1590 500 1816 568 φεύγων

127 592 345 656 οἴχεται.
385 586 679 641 κλέπτουσι
724 588 790 640 τὰ
828 589 989 642 κοινά
1026 608 1186 652 τινες.
1234 591 1285 642 εἰ
1329 585 1431 658 μὲν
1478 589 1659 659 ῥήτωρ
1700 582 1817 651 οἷος
1862 608 1882 641 5

126 675 496 744 ἀντεγκαλεῖν,
536 676 637 746 οὐχ
677 677 798 748 ὁρᾷ,
838 676 923 730 ἐπὶ
956 675 1018 731 δὲ
1056 680 1187 741 τοὺς
1227 678 1447 741 ἰδιώτας
1477 678 1568 731 καὶ
1598 676 1695 746 ὑφ’
1737 673 1816 731 ὧν

129 765 195 818 οὐ
236 765 360 828 δεός
399 766 471 834 μὴ
511 771 681 836 κριθῇ
723 767 906 830 δεινός
944 765 1110 820 ἐστιν.

240 854 322 906 11.
357 852 474 908 Ὅτι
521 855 622 924 μὲν
669 851 775 909 οὖν
820 850 983 919 οὗτος
1029 854 1362 925 ἀνέγκλητός
1409 854 1523 909 ἐστι
1570 856 1660 908 καὶ
1706 863 1815 908 νῦν

123 945 200 996 ἔτι
255 942 431 1013 μένει,
485 947 856 1013 μεμαθήκατε·
911 943 1017 1013 ἐγὼ
1074 941 1134 998 δὲ
1181 945 1383 1014 νομίζω
1431 943 1528 998 ἕνα
1578 946 1706 1012 βίον
1759 942 1814 1008 ἐξ

124 1031 293 1102 ἀρχῆς
345 1031 576 1086 ἕκαστον
631 1031 854 1086 ἑλέσθαι
903 1034 910 1103 Ι
957 1036 1258 1103 προσήκειν
1310 1034 1459 1101 τινα,
1514 1027 1637 1087 οἷον
1697 1038 1752 1082 H.
1767 1038 1830 1082 IX
1847 1043 1902 1083 32

123 1121 356 1188 ἄτολμος
388 1117 440 1175 εἷ
475 1120 566 1174 καὶ
596 1123 658 1175 τὸ
691 1130 899 1176 σαυτοῦ
939 1132 1180 1186 σκοπεῖς·
1222 1123 1406 1185 ἁπλῶς
1435 1123 1670 1192 ἡσυχίαν
1702 1124 1813 1191 ἄγε.
1839 1146 1881 1179 11

122 1211 224 1280 οὐχ
270 1210 563 1278 ὑπομένεις
610 1210 778 1281 ἀργὸς
825 1209 943 1265 οὐδ’
997 1212 1310 1282 ἀσύμβολος
1358 1208 1501 1265 εἶναι
1545 1220 1610 1282 τῇ
1655 1214 1814 1265 πόλει

122 1300 255 1353 οὐδὲ
308 1301 497 1368 βούλει
560 1303 656 1368 ζῆν
710 1300 935 1369 ἀφανῶς
994 1301 1055 1355 ἐν
1108 1307 1182 1374 τῷ
1233 1303 1409 1373 σκότῳ
1465 1321 1812 1371 κατορωρυγ-

119 1387 302 1456 μένος·
343 1387 433 1442 καὶ
472 1390 538 1443 τὰ
578 1391 826 1458 σφαλερὰ
864 1398 960 1460 τῆς
996 1392 1272 1453 πολιτείας
1318 1390 1556 1457 ὑπόμενε
1601 1390 1693 1442 καὶ
1738 1391 1811 1459 μὴ

122 1485 295 1547 φεῦγε
364 1480 494 1541 τοὺς
565 1479 869 1542 κινδύνους
938 1478 970 1548 ἢ
1038 1476 1175 1548 μηδὲ
1243 1480 1338 1542 τὰς
1406 1480 1566 1548 τιμὰς
1634 1480 1810 1532 δι’ωκε.
1837 1503 1879 1536 15

123 1566 206 1620 12.
245 1573 416 1620 ταῦτα
454 1568 545 1620 καὶ
585 1568 799 1640 ἐμαυτῷ
839 1571 1232 1636 παραγγείλας,
1273 1568 1561 1637 ἡγησάμην
1599 1568 1703 1637 γὰρ
1744 1567 1811 1620 οὐ

118 1664 233 1719 τοῖς
287 1664 512 1725 γονεῦσι
567 1656 829 1725 γενέσθαι
884 1660 1084 1727 μόνον,
1147 1657 1285 1711 ἀλλὰ
1345 1658 1436 1710 καὶ
1496 1657 1684 1726 πρώτῃ
1746 1664 1810 1727 τῇ

118 1746 361 1814 πατρίδι,
400 1745 500 1799 οὐκ
542 1744 596 1809 ἐξ
629 1746 878 1815 ἡμισείας
908 1748 1266 1816 πολιτεύομαι
1310 1753 1385 1818 τῷ
1416 1743 1529 1799 κατ’
1570 1744 1811 1814 ἐμαυτὸν

119 1834 269 1888 ἀδεεῖ
307 1837 516 1904 κρίνων
555 1837 619 1888 τὰ
660 1834 847 1888 λεκτέα
885 1836 976 1888 καὶ
1014 1836 1081 1888 τὰ
1118 1837 1208 1904 μή,
1248 1834 1366 1889 ἀλλ’
1407 1835 1540 1888 ὅλον
1571 1834 1810 1904 ἐμαυτὸν
1904 1840 1907 1842 ’

237 1986 262 2024 2
295 1981 438 2026 Thuc.
462 1981 484 2025 Ι
515 1986 586 2036 58,
607 1986 628 2024 1
774 1987 801 2025 4
834 1982 966 2027 Dcm.
998 1997 1042 2039 p.
1070 1986 1140 2036 63,
1160 1987 1213 2026 11
1362 1986 1415 2025 18
1449 1981 1506 2025 cf.
1540 1981 1668 2025 Dem.
1702 1980 1806 2024 fals.

115 2040 204 2098 leg.
229 2056 279 2098 p.
302 2045 403 2096 430,
421 2044 448 2084 8
473 2055 578 2085 cum
601 2043 714 2086 nota
744 2041 916 2085 Blassii
938 2057 984 2099 p.
1010 2040 1194 2086 CXXXI

235 2165 260 2203 2
294 2158 503 2218 ἀντιλέξῃ
536 2159 647 2203 olim
680 2159 857 2204 conieci
978 2165 1003 2203 3
1036 2161 1116 2204 καὶ
1147 2159 1322 2204 inserui
1354 2173 1379 2203 e
1398 2160 1486 2204 Ma
1548 2173 1622 2203 om
1649 2161 1695 2203 P

116 2223 143 2262 4
167 2216 415 2276 προίδηται
446 2219 611 2275 scripsi
644 2219 735 2263 coll
766 2219 895 2263 Dem.
922 2219 951 2264 1.
970 2219 999 2263 l.
1062 2221 1336 2276 προειδῆται
1354 2221 1400 2264 Ρ
1454 2221 1698 2276 προειδῆτε
1718 2220 1807 2264 Μα

235 2283 260 2322 5
293 2277 430 2324 κοινοὶ
460 2294 583 2329 τινες
613 2278 778 2335 scripsi
810 2293 914 2323 cum
948 2278 1122 2352 Cobet?
1197 2277 1353 2323 καινά.
1385 2275 1508 2330 τίνες
1532 2278 1670 2323 ΜαΡ

116 2342 141 2381 6
174 2336 266 2392 ὁρῶ
292 2340 366 2393 ΡΙ
395 2338 469 2383 ἐπὶ
502 2338 667 2394 scripsi
729 2337 799 2383 ὅτι
826 2340 990 2395 ΜαΡΙ
1019 2340 1087 2394 ἀφ
1092 2336 1227 2382 ’Μα
1362 2342 1386 2381 7
1421 2338 1477 2382 οὐ
1509 2335 1614 2388 δέος
1641 2337 1805 2393 scripsi

175 2395 283 2442 οὐδὲ
310 2413 334 2441 ο
367 2411 472 2440 cum
495 2397 664 2441 lacuna
690 2402 712 2441 1
739 2397 818 2441 litt
839 2400 950 2454 post
972 2414 997 2442 ο
1024 2400 1070 2443 Ρ
1126 2398 1181 2442 οὐ
1206 2396 1332 2443 δέδιε
1350 2398 1440 2442 Μα
1561 2401 1586 2440 9
1612 2396 1806 2454 ἐξαρχῆς

116 2458 163 2502 Ρ
279 2461 334 2499 10
356 2456 629 2524 προσήκειν
654 2455 781 2511 τίνας
815 2413 972 2501 (ἰξεᾱε,
1094 2462 1147 2501 11
1172 2463 1399 2501 τοσαυτοῦ
1418 2459 1464 2502 Ρ
1582 2461 1635 2499 12
1661 2456 1805 2512 ἀσύμ-

115 2517 249 2574 βολος
279 2515 443 2573 scripsi
512 2516 801 2591 ἀσύμβουλος
826 2518 962 2561 ΜαΡ
1081 2521 1135 2561 13
1168 2515 1279 2560 οὐδὲ
1310 2516 1464 2571 βούλει
1496 2515 1660 2572 scripsi
1699 2529 1804 2559 cum

114 2573 271 2618 Gasda
332 2575 485 2633 βούλει
509 2574 619 2619 οὐδὲ
639 2577 728 2619 Μα
796 2576 970 2633 βούλει;
1003 2575 1176 2620 οὐδὲΡ
1233 2575 1408 2647 βούλει
1411 2575 1522 2619 olim
1554 2574 1804 2618 delendum

112 2634 271 2677 censui
304 2648 408 2678 cum
440 2634 652 2678 Hertlino
680 2637 686 2690 Ι
712 2638 775 2692 τῷ
801 2635 1079 2679 delendum?
1107 2638 1113 2692 Ι
1140 2634 1516 2707 κατωρυγμένος
1518 2635 1564 2678 Ρ
1592 2633 1649 2677 cf.
1683 2636 1715 2677 t.
1741 2633 1803 2677 m

114 2697 213 2745 3⁸3,
233 2697 280 2747 3,
312 2693 376 2737 IV
401 2696 661 2747 362,14;1;
686 2680 757 2738 IV‘
776 2699 967 2748 199,12;
1000 2698 1102 2750 206,
1120 2694 1234 2738 20R
1379 2698 1432 2737 15
1465 2693 1524 2750 μὴ
1550 2691 1601 2736 δὲ
1627 2693 1797 2749 ΜαΡΙ

110 2749 334 2809 τιμωρίας
359 2753 447 2796 Μα
583 2757 636 2796 17
670 2753 750 2797 καὶ
782 2752 858 2797 del
884 2754 973 2797 Μα
1111 2757 1165 2796 18
1197 2752 1244 2805 ἐξ
1276 2754 1441 2810 scripsi
1503 2749 1579 2808 ἐφ’
1611 2752 1748 2797 ΜαΡ

114 2853 188 2911 ἐφ’
227 2852 410 2923 ἡμισείᾳ
442 2856 554 2900 olim
585 2856 750 2913 scripsi
782 2856 873 2900 coll
904 2856 1034 2900 Dem.
1059 2856 1089 2900 1.
1115 2855 1144 2900 1.
1174 2857 1180 2914 1
1206 2864 1269 2901 τῶ
1299 2858 1344 2900 Ρ
1478 2860 1530 2899 19
1563 2849 1696 2900 ἀδεει
1715 2857 1762 2899 Ρ
1793 2907 1795 2909 ,

112 2913 241 2971 τὰ(2)
273 2914 439 2971 scripsi
498 2916 555 2958 τὰ
582 2917 672 2960 Μα
731 2929 807 2959 om
831 2917 877 2959 P
