2010 3168
595 121 1078 167 ARISTOPHONTIS
1112 121 1336 166 ORATIO
1707 123 1733 174 1
1745 122 1814 175 75

525 184 572 212 Q

123 268 386 331 παρεῖχον
425 258 626 320 αὑτοὺς
667 259 889 326 φίλους,
936 257 1037 310 οὐκ
1086 256 1165 310 ἐπ’
1212 256 1395 330 ἀδήλῳ
1437 266 1512 329 τῷ
1558 257 1816 325 μέλλοντι

122 354 384 419 κριθῆναι
424 346 780 416 ἐπραττόμην.

233 435 319 489 51.
344 433 402 487 Ὁ
424 437 619 489 τοίνυν
647 436 824 504 σοφὸς
855 434 1030 488 οἴεταί
1057 455 1109 487 τι
1142 434 1433 503 εὑρηκέναι
1460 438 1815 505 πυνθανόμε-

124 545 236 594 νος,
267 530 397 579 εἴτε
430 525 794 594 βασκάνους
823 524 986 591 ὑμᾶς
1018 523 1122 577 καὶ
1155 527 1431 594 πικροὺς
1463 524 1592 578 εἴτε
1624 523 1816 593 ἀνοή-

123 634 280 677 τους
309 614 414 667 καὶ
448 614 791 684 ῥᾳθύμους
822 613 1285 682 ὑπολαμβάνω,
1309 612 1399 666 καὶ
1424 614 1657 685 τοιούτῳ
1681 613 1819 667 ὑπά-
1867 636 1890 668 5

123 722 238 770 γων
285 702 651 771 ἐνθυμήματι·
701 703 756 755 εἰ
795 701 911 770 μὲν
959 701 1470 771 εὐπαραγώγους
1517 702 1626 755 καὶ
1672 702 1817 771 εὐή-

122 796 292 859 θεις,
347 791 423 844 οὐ
468 791 856 859 θαυμαστὸν
903 792 962 843 εί
1002 791 1173 859 παρὰ
1219 791 1557 854 τοιούτοις
1603 790 1819 860 ε’νίκη-

125 894 257 942 σας·
299 881 354 933 εἰ
394 880 463 933 δὲ
502 882 826 950 χαλεποὺς
863 878 968 932 καὶ
1002 881 1481 949 δυσοργήτους,
1522 878 1656 933 οὐδ’
1694 879 1818 933 ὑπὸ

123 970 466 1037 τοιούτων,
499 972 689 1037 φησίν,
721 966 1020 1037 ᾐτιάθην.
1055 967 1160 1036 ἐγὼ
1195 966 1255 1021 δὲ
1287 970 1502 1022 τούτων
1531 965 1635 1036 μὲν
1666 968 1819 1023 οὐδέ·

122 1077 285 1126 τερον
307 1054 435 1111 καθ’
465 1057 623 1125 ὑμῶν
653 1058 1026 1126 ὑπολήψομαι,
1057 1060 1358 1126 μαινοίμην
1389 1058 1493 1127 γὰρ
1526 1059 1613 1126 ἄν,
1654 1058 1726 1120 ὡς
1759 1054 1819 1110 δὲ
1845 1081 1892 1113 10

122 1143 359 1214 τάληθὲς
383 1149 509 1216 ἔχει,
528 1147 738 1215 φράσω.
764 1146 850 1199 52.
869 1145 951 1199 ὅτι
976 1143 1079 1214 μὲν
1103 1143 1208 1200 οὖν
1230 1149 1572 1215 περιπίπτεις
1598 1153 1672 1219 τῷ
1691 1159 1818 1199 σαυ-

123 1242 223 1288 τοῦ
256 1238 575 1304 σοφίσματι,
601 1235 839 1303 εὔδηλον
871 1231 1032 1288 τοῦθ’
1065 1236 1251 1303 ἅπασι,
1283 1235 1387 1288 κᾶν
1418 1233 1733 1305 ἀντέρωμαί
1760 1250 1820 1288 σε

123 1322 291 1392 κάγώ,
326 1324 550 1386 δικαίως
583 1322 858 1393 ἐρωτήσω·
898 1325 1139 1393 πότερά
1176 1339 1280 1378 σοι
1310 1332 1609 1393 παρορᾶν
1641 1323 1821 1393 Ἀθη-

125 1421 302 1466 ναῖοι
353 1414 504 1476 τοὺς
551 1412 949 1476 ἀδικοῦντας
995 1413 1312 1466 δοκοῦσιν
1350 1412 1383 1481 ἢ
1424 1413 1822 1466 τούναντίον

126 1500 440 1571 ἐλέγχειν,
488 1499 577 1554 καὶ
626 1502 674 1554 εἰ
719 1499 821 1570 μὲν
867 1509 1143 1571 παρορᾶν,
1199 1502 1292 1555 διὰ
1346 1509 1511 1555 τοῦτο
1565 1503 1673 1570 ἄρα
1720 1502 1819 1555 οὐκ
1846 1525 1892 1558 15

126 1589 436 1660 ἐγράψαντό
476 1604 558 1643 σε·
599 1592 645 1643 εἰ
685 1587 747 1643 δὲ
786 1598 1122 1660 καταφωρᾶν
1162 1590 1427 1660 ἀκριβῶς,
1475 1590 1684 1643 οὐκοῦν
1730 1590 1822 1643 καὶ

124 1680 272 1748 παρὰ
310 1679 587 1742 τοιούτοις
626 1679 872 1748 ἀφείθην
910 1677 1033 1747 ἐγώ.
1073 1686 1245 1732 ταῦτα
1284 1680 1386 1748 μὲν
1418 1675 1522 1732 οὖν
1554 1679 1695 1732 ε’άσω
1730 1679 1822 1732 διὰ

126 1768 226 1836 τὴν
275 1772 401 1836 ἴσην
452 1766 791 1836 ἀντιλογίαν,
832 1767 860 1820 ὃ
902 1765 962 1821 δὲ
1011 1766 1130 1822 οὐδ’
1191 1767 1494 1836 ἡντιναοῦν
1548 1768 1822 1837 ἀμφισβή-

126 1870 287 1925 τησιν
326 1858 452 1925 ἔχει,
491 1854 640 1910 τοῦτ’
686 1856 806 1926 ἐρῶ.
869 1856 954 1909 53.
996 1858 1044 1910 εἰ
1082 1853 1185 1926 μὲν
1231 1858 1396 1926 ἄμφω
1436 1856 1722 1927 κριθέντες
1761 1855 1823 1910 ἐν

127 1955 242 2007 τοῖς
280 1945 468 2007 αὐτοῖς
507 1945 812 2014 δικασταῖς,
853 1947 922 1999 σὺ
962 1942 1065 2014 μὲν
1104 1945 1368 2014 ἀφείθης,
1408 1944 1514 2014 ἐγὼ
1556 1943 1616 1999 δὲ
1655 1941 1822 2014 ἥλων,
1847 1969 1894 2001 20

130 2035 352 2096 εἰκότως
390 2032 461 2086 ἂν
497 2036 822 2104 παρετίθης,
871 2035 944 2097 ὡς
991 2032 1081 2087 καὶ
1129 2037 1199 2088 σὺ
1247 2037 1376 2097 τοὺς
1422 2036 1694 2103 χαλεποὺς
1739 2033 1821 2088 ἐκ·

128 2121 409 2191 πέφευγας
460 2121 551 2175 καὶ
609 2123 758 2192 παρὰ
818 2132 935 2185 τοῖς
990 2124 1357 2193 δυσοργήτοις
1417 2123 1824 2191 κατεδικάσθην

251 2334 275 2371 3
309 2327 366 2371 cf.
398 2342 445 2384 p.
472 2331 570 2381 132,
592 2333 644 2371 16
663 2342 731 2384 sq.
853 2333 878 2371 5
912 2328 970 2372 cf.
1003 2330 1034 2372 t.
1059 2327 1102 2371 II
1129 2332 1228 2382 171,
1249 2332 1303 2372 10

252 2525 277 2563 3
311 2518 458 2564 οἴεταί
490 2520 656 2577 scripsi
689 2520 779 2565 coll
802 2536 845 2577 p.
874 2525 973 2573 119,
994 2526 1046 2564 17
1111 2519 1171 2572 ὥς
1199 2522 1337 2565 ΜαΡ
1451 2526 1476 2563 5
1511 2519 1826 2578 ὑπολαμβάνω

134 2579 300 2636 scripsi
323 2581 511 2623 aucizore
528 2579 701 2623 Cobeto
763 2579 1105 2638 ὑπολαμβάνων
1126 2581 1263 2624 ΜαΡ
1380 2585 1405 2623 6
1439 2579 1628 2635 εὐήθεις
1659 2580 1824 2635 scripsi

192 2636 357 2690 θείους
381 2639 519 2683 ΜαΡ
647 2644 699 2683 11
734 2636 819 2683 οὖν
850 2639 1026 2683 inserui
1058 2653 1083 2683 e
1111 2641 1200 2684 Ma
1275 2652 1351 2682 om
1375 2641 1422 2683 P
1556 2644 1608 2682 12
1650 2638 1828 2683 ἅπασιν

137 2700 226 2742 Ma
348 2702 401 2740 13
435 2698 523 2754 ἐγὼ
550 2699 639 2742 Μα
761 2703 814 2742 15
840 2701 1057 2743 δια-τοῦτο
1082 2700 1128 2743 P
1248 2703 1301 2741 16
1329 2698 1547 2754 ἐκφωρᾶν
1573 2699 1709 2742 ΜαΡ

137 2761 190 2801 17
235 2755 316 2800 διὰ
356 2770 432 2800 om
458 2757 547 2801 Ma
690 2762 742 2800 21
783 2754 1044 2813 παρετίθης
1084 2757 1249 2814 scripsi
1324 2755 1593 2813 παρατίθης
1619 2758 1755 2801 ΜαΡ

136 2813 407 2870 παρετίθεις
434 2816 539 2860 coni
569 2815 810 2859 Hertlinus
843 2816 1097 2860 secundum
1121 2815 1347 2861 Cobetum
1371 2815 1539 2859 Mnem.
1565 2815 1627 2859 IX
1653 2821 1738 2859 372
1757 2829 1826 2869 sq.

256 2879 310 2977 3³2
358 2874 660 2931 δυσοργήτως
705 2875 870 2931 scripsi
914 2874 1004 2918 coll
1043 2875 1070 2918 l.
1106 2880 1131 2919 8
1224 2874 1471 2932 ἀοργήτοις
1505 2877 1592 2919 Μα
1683 2872 1824 2930 ἀργή-

136 2949 233 2983 τοις
