2010 3168
519 122 859 172 4ΠΉῙΕΟΤΠῙΑ
888 121 956 166 IN
986 121 1339 166 AESCHINEM
1667 122 1775 175 239

82 259 329 328 οὐρανοῦ
389 259 733 328 μιμούμενον
793 259 889 321 τὰς
950 266 1050 311 τοῦ
1114 262 1455 326 Παρνασσοῦ
1529 259 1777 327 κορυφὰς

81 350 143 400 αἳ
192 356 308 410 τοῖς
360 348 664 417 βαρβάροις
724 347 947 400 ἄνωθεν
1007 346 1381 400 καταθέουσαι
1431 346 1776 418 προσέπεσον

80 437 170 489 καὶ
223 438 284 490 τὸ
340 437 469 505 ὄρος
522 435 646 489 ἀντὶ
701 435 1078 506 στρατοπέδου
1134 436 1272 506 πρὸς
1332 438 1462 499 τοὺς
1523 434 1776 498 ἐπιόντας

82 527 331 595 ἤρκεσεν;
372 524 458 577 85.
498 522 616 578 ἀλλ’
664 527 712 578 εἰ
749 525 841 578 καὶ
878 527 1036 594 μήπω
1076 532 1266 594 ταῦτα,
1305 525 1483 578 πολλὰ
1521 525 1621 594 χρὴ
1664 544 1774 578 τοι-

80 621 219 667 αῦτα
248 614 581 683 προσδοκᾶν.
636 613 804 683 μέγας
841 610 912 682 ἦν
955 612 1046 667 καὶ
1081 612 1294 671 Ἰάσων
1322 612 1528 676 ἐκεῖνος
1575 612 1604 666 ὁ
1649 616 1773 666 Θετ-
1799 634 1827 666 5·

79 703 241 765 ταλὸς
285 702 376 755 καὶ
423 712 543 765 ταῖς
588 712 960 771 παρασκευαῖς
1005 703 1095 756 καὶ
1145 710 1263 765 ταῖς
1310 702 1491 756 ἐλπίσι
1542 701 1634 755 καὶ
1679 709 1776 771 τῆς

78 800 191 844 τῶν
222 792 465 844 Πυθίων
504 791 809 854 διαθέσεως
849 790 1100 862 ὠρέγετο.
1139 789 1252 845 ἀλλ’
1293 792 1438 858 ὅμως
1468 792 1534 844 τὰ
1572 788 1674 858 μὲν
1704 787 1776 858 ἧν

0 884 4 887 ’
79 882 338 947 πλησίον,
386 879 415 933 ὁ
456 877 517 933 δὲ
570 878 770 948 ἔκειτο,
824 879 915 934 καὶ
969 888 1239 934 τοσοῦτον
1293 885 1527 949 ἴσχυσαν
1576 880 1775 950 ἄνδρες

0 3013 12 3168 ”anasu-
0 2906 8 3001 m.
0 2887 4 2892 =
0 2779 9 2873 ’ὴν-

82 966 226 1021 ἑπτά.

202 1134 224 1172 1
258 1128 364 1173 Her.
390 1128 498 1173 VIII
522 1134 593 1185 37,
611 1135 635 1174 2
760 1136 784 1173 5
817 1130 931 1174 Xen.
964 1129 1085 1174 Hell.
1112 1130 1176 1174 VI
1199 1135 1239 1182 4,
1260 1134 1329 1174 31.
1363 1130 1499 1174 Diod.
1536 1129 1578 1173 S.
1613 1130 1680 1187 (id
1705 1132 1776 1174 est

81 1188 310 1245 Ephorus)
342 1188 428 1232 XV
453 1193 508 1233 60

202 1343 224 1380 1
257 1345 502 1392 παρνασοῢ
527 1340 661 1383 ΡΜα
693 1338 749 1383 cf.
782 1340 816 1382 17.
841 1338 884 1383 V
909 1343 979 1392 70,
999 1343 1053 1382 10
1190 1343 1217 1381 4
1248 1337 1410 1394 μήπως
1436 1339 1525 1382 Μα
1574 1339 1580 1394 Ι
1628 1309 1777 1381 τέῦτα

83 1398 129 1441 Ρ
259 1402 284 1440 5
313 1394 477 1441 Ἰάσων
509 1397 610 1441 Mor
670 1397 850 1442 τάσσων
882 1397 993 1441 libri
1139 1402 1162 1440 7
1196 1395 1454 1448 διαθέσεως
1484 1397 1552 1440 Re
1613 1394 1775 1441 διαδό-

81 1469 193 1507 σεως
214 1455 324 1500 libri
342 1456 444 1500 Mor
564 1461 591 1501 8
614 1455 809 1513 πλησίον
832 1457 1020 1514 reposui
1046 1471 1071 1502 e
1094 1456 1227 1501 libris
1253 1471 1358 1502 cum
1379 1456 1552 1501 Cobeto
1571 1453 1671 1500 Con
1687 1460 1776 1499 275

81 1515 212 1559 Misc.
239 1520 323 1559 143
385 1515 611 1561 πλειόνων
644 1517 735 1561 edd
