<?xml version="1.0" encoding="UTF-8"?>
<!DOCTYPE html PUBLIC "-//W3C//DTD XHTML 1.0 Transitional//EN"
    "http://www.w3.org/TR/xhtml1/DTD/xhtml1-transitional.dtd">
<html xmlns="http://www.w3.org/1999/xhtml" xml:lang="en" lang="en">
 <head>
  <title>
</title>
<meta http-equiv="Content-Type" content="text/html;charset=utf-8" />
  <meta name='ocr-system' content='tesseract 3.04.00' />
  <meta name='ocr-capabilities' content='ocr_page ocr_carea ocr_par ocr_line ocrx_word'/>
</head>
<body>
  <div class='ocr_page' id='page_1' title='image "./operarecensuitri06libauoft_0584.png"; bbox 0 0 2010 3168; ppageno 0'>
   <div class='ocr_carea' id='block_1_1' title="bbox 204 103 1484 159">
    <p class='ocr_par' dir='ltr' id='par_1_1' title="bbox 204 103 1484 159">
     <span class='ocr_line' id='line_1_1' title="bbox 204 103 1484 159; baseline -0.009 0"><span class='ocrx_word' id='word_1_1' title='bbox 204 105 311 159; x_wconf 80' lang='grc'><em>576</em></span> <span class='ocrx_word' id='word_1_2' title='bbox 612 104 838 148; x_wconf 86' lang='lat' dir='ltr'><strong>LIBANII</strong></span> <span class='ocrx_word' id='word_1_3' title='bbox 867 103 1261 148; x_wconf 84' lang='lat' dir='ltr'><strong>DECLAMATIO</strong></span> <span class='ocrx_word' id='word_1_4' title='bbox 1292 104 1484 149; x_wconf 90' lang='lat' dir='ltr'><strong>XXVIII</strong></span> 
     </span>
    </p>
   </div>
   <div class='ocr_carea' id='block_1_2' title="bbox 120 237 1909 1729">
    <p class='ocr_par' dir='ltr' id='par_1_2' title="bbox 120 237 1909 1729">
     <span class='ocr_line' id='line_1_2' title="bbox 205 237 1892 310; baseline 0.001 -16"><span class='ocrx_word' id='word_1_5' title='bbox 205 242 653 310; x_wconf 77' lang='grc' dir='ltr'><em>συμβεβηκότων,</em></span> <span class='ocrx_word' id='word_1_6' title='bbox 716 244 927 309; x_wconf 81' lang='grc' dir='ltr'><em>μᾶλλον</em></span> <span class='ocrx_word' id='word_1_7' title='bbox 979 237 1041 292; x_wconf 75' lang='grc' dir='ltr'><em>δὲ</em></span> <span class='ocrx_word' id='word_1_8' title='bbox 1095 238 1213 292; x_wconf 87' lang='grc' dir='ltr'><em>οὐδ’</em></span> <span class='ocrx_word' id='word_1_9' title='bbox 1275 240 1414 293; x_wconf 77' lang='grc' dir='ltr'><em>αὐτὰ</em></span> <span class='ocrx_word' id='word_1_10' title='bbox 1475 242 1707 294; x_wconf 90' lang='grc' dir='ltr'><em>δίδωσιν</em></span> <span class='ocrx_word' id='word_1_11' title='bbox 1765 241 1892 295; x_wconf 89' lang='grc' dir='ltr'><em>ὀδύ-</em></span> 
     </span>
     <span class='ocr_line' id='line_1_3' title="bbox 203 329 1893 399; baseline 0.001 -17"><span class='ocrx_word' id='word_1_12' title='bbox 203 333 408 399; x_wconf 89' lang='grc' dir='ltr'><em>ρεσθαί</em></span> <span class='ocrx_word' id='word_1_13' title='bbox 441 349 535 398; x_wconf 91' lang='grc' dir='ltr'><em>μοι</em></span> <span class='ocrx_word' id='word_1_14' title='bbox 573 330 639 382; x_wconf 75' lang='grc' dir='ltr'><em>τὰ</em></span> <span class='ocrx_word' id='word_1_15' title='bbox 681 329 917 399; x_wconf 76' lang='grc' dir='ltr'><em>δάκρυα,</em></span> <span class='ocrx_word' id='word_1_16' title='bbox 964 330 1201 398; x_wconf 89' lang='grc' dir='ltr'><em>πότερον</em></span> <span class='ocrx_word' id='word_1_17' title='bbox 1245 329 1347 397; x_wconf 82' lang='grc' dir='ltr'><em>τὴν</em></span> <span class='ocrx_word' id='word_1_18' title='bbox 1398 330 1638 398; x_wconf 84' lang='grc' dir='ltr'><em>ζηλωτὴν</em></span> <span class='ocrx_word' id='word_1_19' title='bbox 1679 329 1893 399; x_wconf 81' lang='grc' dir='ltr'><em>ἐκείνην</em></span> 
     </span>
     <span class='ocr_line' id='line_1_4' title="bbox 203 417 1892 488; baseline 0.001 -18"><span class='ocrx_word' id='word_1_20' title='bbox 203 417 292 470; x_wconf 85' lang='grc' dir='ltr'><em>καὶ</em></span> <span class='ocrx_word' id='word_1_21' title='bbox 355 420 629 487; x_wconf 80' lang='grc' dir='ltr'><em>μακαρίαν</em></span> <span class='ocrx_word' id='word_1_22' title='bbox 696 421 895 486; x_wconf 78' lang='grc' dir='ltr'><strong><em>κλῆσιν</em></strong></span> <span class='ocrx_word' id='word_1_23' title='bbox 954 417 987 485; x_wconf 78' lang='grc' dir='ltr'>ἢ</span> <span class='ocrx_word' id='word_1_24' title='bbox 1050 418 1151 485; x_wconf 82' lang='grc' dir='ltr'><em>τὴν</em></span> <span class='ocrx_word' id='word_1_25' title='bbox 1211 420 1576 487; x_wconf 89' lang='grc' dir='ltr'><em>περίβλεπτον</em></span> <span class='ocrx_word' id='word_1_26' title='bbox 1645 422 1892 488; x_wconf 78' lang='grc' dir='ltr'><em>πορείαν,</em></span> 
     </span>
     <span class='ocr_line' id='line_1_5' title="bbox 204 503 1894 576; baseline 0.001 -17"><span class='ocrx_word' id='word_1_27' title='bbox 204 510 414 576; x_wconf 82' lang='grc' dir='ltr'><em>μᾶλλον</em></span> <span class='ocrx_word' id='word_1_28' title='bbox 462 503 522 559; x_wconf 73' lang='grc' dir='ltr'><em>δὲ</em></span> <span class='ocrx_word' id='word_1_29' title='bbox 568 508 792 575; x_wconf 87' lang='grc' dir='ltr'><em>πομπὴν</em></span> <span class='ocrx_word' id='word_1_30' title='bbox 846 505 915 574; x_wconf 81' lang='grc' dir='ltr'><em>ἣν</em></span> <span class='ocrx_word' id='word_1_31' title='bbox 963 506 1051 558; x_wconf 82' lang='grc' dir='ltr'><em>ἐπὶ</em></span> <span class='ocrx_word' id='word_1_32' title='bbox 1099 507 1327 559; x_wconf 87' lang='grc' dir='ltr'><em>δεῖπνον</em></span> <span class='ocrx_word' id='word_1_33' title='bbox 1374 505 1538 569; x_wconf 83' lang='grc' dir='ltr'><em>αὐτὸς</em></span> <span class='ocrx_word' id='word_1_34' title='bbox 1577 506 1605 559; x_wconf 88' lang='grc' dir='ltr'>ὁ</span> <span class='ocrx_word' id='word_1_35' title='bbox 1656 508 1894 570; x_wconf 76' lang='grc' dir='ltr'><em>δείλαιος</em></span> 
     </span>
     <span class='ocr_line' id='line_1_6' title="bbox 158 593 1894 667; baseline -0.001 -18"><span class='ocrx_word' id='word_1_36' title='bbox 158 617 177 650; x_wconf 81' lang='lat'>5</span> <span class='ocrx_word' id='word_1_37' title='bbox 202 596 501 662; x_wconf 82' lang='grc' dir='ltr'><em>πομπεύων</em></span> <span class='ocrx_word' id='word_1_38' title='bbox 541 593 785 667; x_wconf 80' lang='grc' dir='ltr'><em>ᾠχόμην,</em></span> <span class='ocrx_word' id='word_1_39' title='bbox 825 595 858 664; x_wconf 77' lang='grc' dir='ltr'>ἢ</span> <span class='ocrx_word' id='word_1_40' title='bbox 896 596 998 663; x_wconf 86' lang='grc' dir='ltr'><em>τὴν</em></span> <span class='ocrx_word' id='word_1_41' title='bbox 1037 595 1162 663; x_wconf 84' lang='grc' dir='ltr'><em>περὶ</em></span> <span class='ocrx_word' id='word_1_42' title='bbox 1208 596 1269 648; x_wconf 91' lang='grc' dir='ltr'><em>τὸ</em></span> <span class='ocrx_word' id='word_1_43' title='bbox 1319 595 1546 648; x_wconf 89' lang='grc' dir='ltr'><em>δεῖπνον</em></span> <span class='ocrx_word' id='word_1_44' title='bbox 1584 595 1717 648; x_wconf 87' lang='grc' dir='ltr'><em>αὐτὸ</em></span> <span class='ocrx_word' id='word_1_45' title='bbox 1759 610 1894 665; x_wconf 89' lang='grc' dir='ltr'><em>συμ-</em></span> 
     </span>
     <span class='ocr_line' id='line_1_7' title="bbox 203 682 1894 752; baseline 0.001 -16"><span class='ocrx_word' id='word_1_46' title='bbox 203 687 382 752; x_wconf 80' lang='grc' dir='ltr'><em>βᾶσαν</em></span> <span class='ocrx_word' id='word_1_47' title='bbox 421 683 652 752; x_wconf 83' lang='grc' dir='ltr'><em>ἀτυχίαν</em></span> <span class='ocrx_word' id='word_1_48' title='bbox 690 682 722 752; x_wconf 79' lang='grc' dir='ltr'>ἢ</span> <span class='ocrx_word' id='word_1_49' title='bbox 763 684 824 736; x_wconf 91' lang='grc' dir='ltr'><em>τὸ</em></span> <span class='ocrx_word' id='word_1_50' title='bbox 863 685 999 736; x_wconf 84' lang='grc' dir='ltr'><em>κατὰ</em></span> <span class='ocrx_word' id='word_1_51' title='bbox 1046 684 1146 751; x_wconf 81' lang='grc' dir='ltr'><em>τὴν</em></span> <span class='ocrx_word' id='word_1_52' title='bbox 1193 684 1374 736; x_wconf 84' lang='grc' dir='ltr'><em>οἰκίαν</em></span> <span class='ocrx_word' id='word_1_53' title='bbox 1420 684 1656 751; x_wconf 82' lang='grc' dir='ltr'><em>ὕστερον</em></span> <span class='ocrx_word' id='word_1_54' title='bbox 1702 687 1894 748; x_wconf 84' lang='grc' dir='ltr'><em>σκότος</em></span> 
     </span>
     <span class='ocr_line' id='line_1_8' title="bbox 203 771 1895 842; baseline 0.001 -17"><span class='ocrx_word' id='word_1_55' title='bbox 203 771 294 825; x_wconf 85' lang='grc' dir='ltr'><em>καὶ</em></span> <span class='ocrx_word' id='word_1_56' title='bbox 340 774 442 842; x_wconf 84' lang='grc' dir='ltr'><em>τὴν</em></span> <span class='ocrx_word' id='word_1_57' title='bbox 496 771 684 825; x_wconf 82' lang='grc' dir='ltr'><em>ἑστίαν</em></span> <span class='ocrx_word' id='word_1_58' title='bbox 737 773 837 841; x_wconf 84' lang='grc' dir='ltr'><em>τὴν</em></span> <span class='ocrx_word' id='word_1_59' title='bbox 891 772 1105 841; x_wconf 79' lang='grc' dir='ltr'><em>ἀφεγγη</em></span> <span class='ocrx_word' id='word_1_60' title='bbox 1160 771 1249 824; x_wconf 85' lang='grc' dir='ltr'><em>καὶ</em></span> <span class='ocrx_word' id='word_1_61' title='bbox 1298 773 1395 825; x_wconf 89' lang='grc' dir='ltr'><em>τὸν</em></span> <span class='ocrx_word' id='word_1_62' title='bbox 1443 771 1783 826; x_wconf 76' lang='grc' dir='ltr'><em>ἀπολέσαντα</em></span> <span class='ocrx_word' id='word_1_63' title='bbox 1829 792 1895 840; x_wconf 92' lang='grc' dir='ltr'><em>με</em></span> 
     </span>
     <span class='ocr_line' id='line_1_9' title="bbox 206 859 1893 930; baseline 0.001 -16"><span class='ocrx_word' id='word_1_64' title='bbox 206 863 393 930; x_wconf 87' lang='grc' dir='ltr'><em>λιμόν,</em></span> <span class='ocrx_word' id='word_1_65' title='bbox 445 861 504 924; x_wconf 91' lang='grc' dir='ltr'><em>ὃς</em></span> <span class='ocrx_word' id='word_1_66' title='bbox 553 859 673 914; x_wconf 86' lang='grc' dir='ltr'><em>οὐδ’</em></span> <span class='ocrx_word' id='word_1_67' title='bbox 721 861 1034 930; x_wconf 77' lang='grc' dir='ltr'><em>ὀδύρασθαι</em></span> <span class='ocrx_word' id='word_1_68' title='bbox 1098 869 1285 929; x_wconf 81' lang='grc' dir='ltr'><em>σαφῶς</em></span> <span class='ocrx_word' id='word_1_69' title='bbox 1347 861 1618 930; x_wconf 82' lang='grc' dir='ltr'><em>ἐπιτρέπει</em></span> <span class='ocrx_word' id='word_1_70' title='bbox 1678 882 1772 928; x_wconf 91' lang='grc' dir='ltr'><em>μοι</em></span> <span class='ocrx_word' id='word_1_71' title='bbox 1833 863 1893 915; x_wconf 92' lang='grc' dir='ltr'><em>τὸ</em></span> 
     </span>
     <span class='ocr_line' id='line_1_10' title="bbox 206 946 1897 1020; baseline 0.001 -18"><span class='ocrx_word' id='word_1_72' title='bbox 206 952 561 1019; x_wconf 88' lang='grc' dir='ltr'><em>συμβεβηκός.</em></span> <span class='ocrx_word' id='word_1_73' title='bbox 616 950 870 1018; x_wconf 85' lang='grc' dir='ltr'><em>βιαστέον</em></span> <span class='ocrx_word' id='word_1_74' title='bbox 925 946 972 1002; x_wconf 88' lang='grc' dir='ltr'><em>δ’</em></span> <span class='ocrx_word' id='word_1_75' title='bbox 1027 946 1131 1002; x_wconf 85' lang='grc' dir='ltr'><em>οὖν</em></span> <span class='ocrx_word' id='word_1_76' title='bbox 1187 950 1330 1017; x_wconf 85' lang='grc' dir='ltr'><em>ὅμως</em></span> <span class='ocrx_word' id='word_1_77' title='bbox 1378 950 1410 1003; x_wconf 75' lang='grc' dir='ltr'>ἃ</span> <span class='ocrx_word' id='word_1_78' title='bbox 1456 949 1713 1003; x_wconf 89' lang='grc' dir='ltr'><em>πέπονθα</em></span> <span class='ocrx_word' id='word_1_79' title='bbox 1758 951 1897 1020; x_wconf 89' lang='grc' dir='ltr'><em>πρὸς</em></span> 
     </span>
     <span class='ocr_line' id='line_1_11' title="bbox 142 1038 1895 1108; baseline -0.001 -15"><span class='ocrx_word' id='word_1_80' title='bbox 142 1061 184 1093; x_wconf 90' lang='lat'><em>10</em></span> <span class='ocrx_word' id='word_1_81' title='bbox 208 1040 349 1108; x_wconf 82' lang='grc' dir='ltr'><em>ὑμᾶς</em></span> <span class='ocrx_word' id='word_1_82' title='bbox 403 1040 627 1092; x_wconf 76' lang='grc' dir='ltr'><em>ἄνωθεν</em></span> <span class='ocrx_word' id='word_1_83' title='bbox 690 1039 886 1107; x_wconf 87' lang='grc' dir='ltr'><em>εἰπεῖν,</em></span> <span class='ocrx_word' id='word_1_84' title='bbox 945 1038 1059 1091; x_wconf 81' lang='grc' dir='ltr'><em>ἐπεὶ</em></span> <span class='ocrx_word' id='word_1_85' title='bbox 1122 1040 1211 1091; x_wconf 81' lang='grc' dir='ltr'><em>καὶ</em></span> <span class='ocrx_word' id='word_1_86' title='bbox 1272 1049 1387 1101; x_wconf 74' lang='grc' dir='ltr'><em>τοῖς</em></span> <span class='ocrx_word' id='word_1_87' title='bbox 1449 1039 1678 1105; x_wconf 87' lang='grc' dir='ltr'><em>ἀλγοῦσι</em></span> <span class='ocrx_word' id='word_1_88' title='bbox 1740 1038 1895 1107; x_wconf 85' lang='grc' dir='ltr'><em>φέρει</em></span> 
     </span>
     <span class='ocr_line' id='line_1_12' title="bbox 207 1126 1783 1196; baseline 0 -16"><span class='ocrx_word' id='word_1_89' title='bbox 207 1129 568 1196; x_wconf 83' lang='grc' dir='ltr'><em>παραμυθίαν</em></span> <span class='ocrx_word' id='word_1_90' title='bbox 608 1126 641 1179; x_wconf 75' lang='grc' dir='ltr'><strong><em>ἃ</em></strong></span> <span class='ocrx_word' id='word_1_91' title='bbox 680 1128 953 1196; x_wconf 86' lang='grc' dir='ltr'><em>πάσχουσι</em></span> <span class='ocrx_word' id='word_1_92' title='bbox 990 1128 1129 1194; x_wconf 84' lang='grc' dir='ltr'><em>πρὸς</em></span> <span class='ocrx_word' id='word_1_93' title='bbox 1170 1126 1388 1195; x_wconf 81' lang='grc' dir='ltr'><em>ἑτέρους</em></span> <span class='ocrx_word' id='word_1_94' title='bbox 1426 1126 1783 1195; x_wconf 79' lang='grc' dir='ltr'><em>ἐξαγγέλλειν.</em></span> 
     </span>
     <span class='ocr_line' id='line_1_13' title="bbox 120 1213 1897 1287; baseline 0.001 -19"><span class='ocrx_word' id='word_1_95' title='bbox 120 1221 240 1287; x_wconf 66' lang='lat' dir='ltr'><em>RIV</em></span> <span class='ocrx_word' id='word_1_96' title='bbox 256 1226 338 1265; x_wconf 84' lang='lat'><em>152</em></span> <span class='ocrx_word' id='word_1_97' title='bbox 500 1217 547 1268; x_wconf 89' lang='grc'><em>6.</em></span> <span class='ocrx_word' id='word_1_98' title='bbox 584 1213 591 1287; x_wconf 85' lang='grc' dir='ltr'>Ι</span> <span class='ocrx_word' id='word_1_99' title='bbox 621 1214 833 1269; x_wconf 86' lang='grc' dir='ltr'><em>Ἐκάλει</em></span> <span class='ocrx_word' id='word_1_100' title='bbox 871 1215 940 1283; x_wconf 90' lang='grc' dir='ltr'><em>μέ</em></span> <span class='ocrx_word' id='word_1_101' title='bbox 975 1236 1058 1278; x_wconf 91' lang='grc' dir='ltr'><em>τις</em></span> <span class='ocrx_word' id='word_1_102' title='bbox 1096 1214 1184 1268; x_wconf 81' lang='grc' dir='ltr'><em>ἐπὶ</em></span> <span class='ocrx_word' id='word_1_103' title='bbox 1226 1219 1455 1269; x_wconf 86' lang='grc' dir='ltr'><em>δεῖπνον</em></span> <span class='ocrx_word' id='word_1_104' title='bbox 1492 1224 1556 1286; x_wconf 78' lang='grc' dir='ltr'><em>τῇ</em></span> <span class='ocrx_word' id='word_1_105' title='bbox 1603 1219 1897 1286; x_wconf 78' lang='grc' dir='ltr'><em>προτεραίᾳ</em></span> 
     </span>
     <span class='ocr_line' id='line_1_14' title="bbox 207 1305 1895 1373; baseline 0 -16"><span class='ocrx_word' id='word_1_106' title='bbox 207 1315 318 1358; x_wconf 84' lang='grc' dir='ltr'><em>τῶν</em></span> <span class='ocrx_word' id='word_1_107' title='bbox 357 1307 653 1373; x_wconf 73' lang='grc' dir='ltr'><em>γνωρίμων</em></span> <span class='ocrx_word' id='word_1_108' title='bbox 691 1306 1234 1373; x_wconf 80' lang='grc' dir='ltr'><em>παρακελευσάμενος</em></span> <span class='ocrx_word' id='word_1_109' title='bbox 1278 1305 1350 1367; x_wconf 83' lang='grc' dir='ltr'><em>ὡς</em></span> <span class='ocrx_word' id='word_1_110' title='bbox 1388 1306 1615 1373; x_wconf 88' lang='grc' dir='ltr'><em>τάχιστα</em></span> <span class='ocrx_word' id='word_1_111' title='bbox 1655 1306 1895 1372; x_wconf 91' lang='grc' dir='ltr'><em>συμβάλ-</em></span> 
     </span>
     <span class='ocr_line' id='line_1_15' title="bbox 209 1393 1896 1463; baseline 0 -17"><span class='ocrx_word' id='word_1_112' title='bbox 209 1399 349 1462; x_wconf 84' lang='grc' dir='ltr'><em>λειν,</em></span> <span class='ocrx_word' id='word_1_113' title='bbox 397 1393 780 1447; x_wconf 82' lang='grc' dir='ltr'><em>ἐνεανιεύσατο</em></span> <span class='ocrx_word' id='word_1_114' title='bbox 831 1395 933 1463; x_wconf 80' lang='grc' dir='ltr'><em>γὰρ</em></span> <span class='ocrx_word' id='word_1_115' title='bbox 980 1395 1106 1461; x_wconf 83' lang='grc' dir='ltr'><em>περὶ</em></span> <span class='ocrx_word' id='word_1_116' title='bbox 1145 1402 1236 1463; x_wconf 79' lang='grc' dir='ltr'><em>τῆς</em></span> <span class='ocrx_word' id='word_1_117' title='bbox 1278 1395 1511 1461; x_wconf 85' lang='grc' dir='ltr'><em>διαίτης·</em></span> <span class='ocrx_word' id='word_1_118' title='bbox 1564 1393 1667 1462; x_wconf 83' lang='grc' dir='ltr'><em>ἐγὼ</em></span> <span class='ocrx_word' id='word_1_119' title='bbox 1709 1394 1769 1447; x_wconf 81' lang='grc' dir='ltr'><em>δὲ</em></span> <span class='ocrx_word' id='word_1_120' title='bbox 1806 1393 1896 1446; x_wconf 85' lang='grc' dir='ltr'><em>καὶ</em></span> 
     </span>
     <span class='ocr_line' id='line_1_16' title="bbox 142 1481 1898 1551; baseline -0.001 -14"><span class='ocrx_word' id='word_1_121' title='bbox 142 1505 181 1538; x_wconf 84' lang='lat'><em>15</em></span> <span class='ocrx_word' id='word_1_122' title='bbox 208 1484 385 1544; x_wconf 77' lang='grc' dir='ltr'><em>ἄλλως</em></span> <span class='ocrx_word' id='word_1_123' title='bbox 430 1481 490 1535; x_wconf 84' lang='grc' dir='ltr'><em>ἐκ</em></span> <span class='ocrx_word' id='word_1_124' title='bbox 539 1483 737 1545; x_wconf 87' lang='grc' dir='ltr'><em>παιδὸς</em></span> <span class='ocrx_word' id='word_1_125' title='bbox 790 1484 851 1536; x_wconf 92' lang='grc' dir='ltr'><em>τὸ</em></span> <span class='ocrx_word' id='word_1_126' title='bbox 906 1484 1385 1551; x_wconf 89' lang='grc' dir='ltr'><em>περισπούδαστον</em></span> <span class='ocrx_word' id='word_1_127' title='bbox 1439 1482 1616 1535; x_wconf 81' lang='grc' dir='ltr'><em>ἐκεῖνο</em></span> <span class='ocrx_word' id='word_1_128' title='bbox 1671 1483 1898 1551; x_wconf 81' lang='grc' dir='ltr'><em>μάθημα</em></span> 
     </span>
     <span class='ocr_line' id='line_1_17' title="bbox 208 1570 1900 1640; baseline 0.001 -17"><span class='ocrx_word' id='word_1_129' title='bbox 208 1579 322 1633; x_wconf 89' lang='grc' dir='ltr'><em>τοῖς</em></span> <span class='ocrx_word' id='word_1_130' title='bbox 367 1570 491 1638; x_wconf 88' lang='grc' dir='ltr'><em>περὶ</em></span> <span class='ocrx_word' id='word_1_131' title='bbox 546 1571 809 1639; x_wconf 81' lang='grc' dir='ltr'><em>τραπέζας</em></span> <span class='ocrx_word' id='word_1_132' title='bbox 856 1571 1221 1640; x_wconf 85' lang='grc' dir='ltr'><em>πονουμένοις</em></span> <span class='ocrx_word' id='word_1_133' title='bbox 1273 1572 1419 1639; x_wconf 80' lang='grc' dir='ltr'><em>ἤμην</em></span> <span class='ocrx_word' id='word_1_134' title='bbox 1471 1572 1608 1640; x_wconf 88' lang='grc' dir='ltr'><em>πρὸς</em></span> <span class='ocrx_word' id='word_1_135' title='bbox 1661 1570 1900 1637; x_wconf 80' lang='grc' dir='ltr'><em>ἐμαυτὸν</em></span> 
     </span>
     <span class='ocr_line' id='line_1_18' title="bbox 211 1658 1909 1729; baseline 0 -17"><span class='ocrx_word' id='word_1_136' title='bbox 211 1659 575 1729; x_wconf 80' lang='grc' dir='ltr'><em>ἐκμανθάνων</em></span> <span class='ocrx_word' id='word_1_137' title='bbox 630 1660 795 1713; x_wconf 87' lang='grc' dir='ltr'><em>οὐδέν</em></span> <span class='ocrx_word' id='word_1_138' title='bbox 849 1680 901 1713; x_wconf 93' lang='grc' dir='ltr'><em>τι</em></span> <span class='ocrx_word' id='word_1_139' title='bbox 954 1662 1265 1729; x_wconf 81' lang='grc' dir='ltr'><em>παυόμενος</em></span> <span class='ocrx_word' id='word_1_140' title='bbox 1318 1668 1455 1722; x_wconf 88' lang='grc' dir='ltr'><em>τοῖς</em></span> <span class='ocrx_word' id='word_1_141' title='bbox 1508 1658 1611 1712; x_wconf 84' lang='grc' dir='ltr'><em>ἐπὶ</em></span> <span class='ocrx_word' id='word_1_142' title='bbox 1667 1661 1909 1719; x_wconf 74' lang='grc' dir='ltr'><em>δεῖπνα,</em></span> 
     </span>
    </p>
   </div>
   <div class='ocr_carea' id='block_1_3' title="bbox 229 1753 566 1756">
    <p class='ocr_par' dir='ltr' id='par_1_3' title="bbox 229 1753 566 1756">
     <span class='ocr_line' id='line_1_19' title="bbox 229 1753 566 1756; baseline 0 0"><span class='ocrx_word' id='word_1_143' title='bbox 229 1753 566 1756; x_wconf 95' lang='lat' dir='ltr'><em> </em></span> 
     </span>
    </p>
   </div>
   <div class='ocr_carea' id='block_1_4' title="bbox 212 1790 1896 1907">
    <p class='ocr_par' dir='ltr' id='par_1_4' title="bbox 212 1790 1896 1907">
     <span class='ocr_line' id='line_1_20' title="bbox 331 1790 1896 1846; baseline 0 -12"><span class='ocrx_word' id='word_1_144' title='bbox 331 1796 385 1834; x_wconf 90' lang='grc'><em>10</em></span> <span class='ocrx_word' id='word_1_145' title='bbox 404 1792 460 1836; x_wconf 81' lang='lat' dir='ltr'><em>cf.</em></span> <span class='ocrx_word' id='word_1_146' title='bbox 480 1791 540 1835; x_wconf 79' lang='lat' dir='ltr'><em>ad</em></span> <span class='ocrx_word' id='word_1_147' title='bbox 556 1794 591 1835; x_wconf 74' lang='lat' dir='ltr'><em>t.</em></span> <span class='ocrx_word' id='word_1_148' title='bbox 607 1791 671 1834; x_wconf 90' lang='lat' dir='ltr'><em>IV</em></span> <span class='ocrx_word' id='word_1_149' title='bbox 690 1796 789 1845; x_wconf 84' lang='lat'>151,</span> <span class='ocrx_word' id='word_1_150' title='bbox 802 1796 853 1833; x_wconf 92' lang='lat'><em>11</em></span> <span class='ocrx_word' id='word_1_151' title='bbox 965 1795 1017 1834; x_wconf 88' lang='grc'><em>16</em></span> <span class='ocrx_word' id='word_1_152' title='bbox 1037 1791 1093 1834; x_wconf 86' lang='lat' dir='ltr'><em>cf.</em></span> <span class='ocrx_word' id='word_1_153' title='bbox 1112 1793 1144 1834; x_wconf 70' lang='lat' dir='ltr'><em>t.</em></span> <span class='ocrx_word' id='word_1_154' title='bbox 1163 1790 1204 1833; x_wconf 92' lang='lat' dir='ltr'><strong>V</strong></span> <span class='ocrx_word' id='word_1_155' title='bbox 1223 1794 1321 1845; x_wconf 78' lang='lat'>540,</span> <span class='ocrx_word' id='word_1_156' title='bbox 1336 1795 1389 1834; x_wconf 88' lang='lat'><em>16</em></span> <span class='ocrx_word' id='word_1_157' title='bbox 1498 1794 1550 1833; x_wconf 86' lang='lat'><em>17</em></span> <span class='ocrx_word' id='word_1_158' title='bbox 1577 1790 1896 1846; x_wconf 70' lang='lat' dir='ltr'>Aristophont.</span> 
     </span>
     <span class='ocr_line' id='line_1_21' title="bbox 212 1849 1896 1907; baseline -0.001 -13"><span class='ocrx_word' id='word_1_159' title='bbox 212 1851 327 1906; x_wconf 72' lang='grc' dir='ltr'><em>ἰατρ.</em></span> <span class='ocrx_word' id='word_1_160' title='bbox 353 1850 417 1894; x_wconf 87' lang='lat'><em>111</em></span> <span class='ocrx_word' id='word_1_161' title='bbox 442 1856 542 1905; x_wconf 81' lang='lat'><strong>357,</strong></span> <span class='ocrx_word' id='word_1_162' title='bbox 562 1856 583 1894; x_wconf 93' lang='lat'>1</span> <span class='ocrx_word' id='word_1_163' title='bbox 603 1851 651 1893; x_wconf 89' lang='lat' dir='ltr'>M</span> <span class='ocrx_word' id='word_1_164' title='bbox 676 1849 734 1907; x_wconf 76' lang='grc' dir='ltr'><em>(ΙΙ</em></span> <span class='ocrx_word' id='word_1_165' title='bbox 758 1855 858 1904; x_wconf 70' lang='grc'><em>277,</em></span> <span class='ocrx_word' id='word_1_166' title='bbox 875 1855 901 1892; x_wconf 85' lang='lat'>4</span> <span class='ocrx_word' id='word_1_167' title='bbox 919 1850 991 1906; x_wconf 85' lang='grc' dir='ltr'><em>Κ).</em></span> <span class='ocrx_word' id='word_1_168' title='bbox 1032 1849 1199 1906; x_wconf 81' lang='lat' dir='ltr'>Amph.</span> <span class='ocrx_word' id='word_1_169' title='bbox 1224 1850 1288 1892; x_wconf 86' lang='grc' dir='ltr'><em>ΠΙ</em></span> <span class='ocrx_word' id='word_1_170' title='bbox 1313 1854 1413 1903; x_wconf 82' lang='lat'>318,</span> <span class='ocrx_word' id='word_1_171' title='bbox 1433 1854 1486 1892; x_wconf 88' lang='lat'><em>38</em></span> <span class='ocrx_word' id='word_1_172' title='bbox 1505 1849 1553 1891; x_wconf 92' lang='lat' dir='ltr'>M</span> <span class='ocrx_word' id='word_1_173' title='bbox 1578 1849 1636 1906; x_wconf 83' lang='grc' dir='ltr'><em>(Π</em></span> <span class='ocrx_word' id='word_1_174' title='bbox 1661 1853 1827 1903; x_wconf 79' lang='lat'><strong>248,39</strong></span> <span class='ocrx_word' id='word_1_175' title='bbox 1839 1849 1896 1906; x_wconf 86' lang='grc' dir='ltr'><em>Κ)</em></span> 
     </span>
    </p>
   </div>
   <div class='ocr_carea' id='block_1_5' title="bbox 213 1929 567 1934">
    <p class='ocr_par' dir='ltr' id='par_1_5' title="bbox 213 1929 567 1934">
     <span class='ocr_line' id='line_1_22' title="bbox 213 1929 567 1934; baseline 0 0"><span class='ocrx_word' id='word_1_176' title='bbox 213 1929 567 1934; x_wconf 95' lang='lat' dir='ltr'><em> </em></span> 
     </span>
    </p>
   </div>
   <div class='ocr_carea' id='block_1_6' title="bbox 212 1966 1900 2969">
    <p class='ocr_par' dir='ltr' id='par_1_6' title="bbox 212 1966 1900 2616">
     <span class='ocr_line' id='line_1_23' title="bbox 332 1966 1898 2024; baseline -0.002 -11"><span class='ocrx_word' id='word_1_177' title='bbox 332 1975 354 2012; x_wconf 93' lang='lat'>1</span> <span class='ocrx_word' id='word_1_178' title='bbox 389 1966 436 2012; x_wconf 83' lang='grc' dir='ltr'><em>δ’</em></span> <span class='ocrx_word' id='word_1_179' title='bbox 466 1969 687 2013; x_wconf 79' lang='lat' dir='ltr'><em>LaViVa</em></span> <span class='ocrx_word' id='word_1_180' title='bbox 722 1970 727 2024; x_wconf 92' lang='grc' dir='ltr'>Ι</span> <span class='ocrx_word' id='word_1_181' title='bbox 763 1966 933 2024; x_wconf 84' lang='grc' dir='ltr'><em>δίδωμι</em></span> <span class='ocrx_word' id='word_1_182' title='bbox 966 1969 1022 2012; x_wconf 75' lang='lat' dir='ltr'><em>Vi</em></span> <span class='ocrx_word' id='word_1_183' title='bbox 1053 1969 1134 2012; x_wconf 82' lang='lat' dir='ltr'><em>sed</em></span> <span class='ocrx_word' id='word_1_184' title='bbox 1168 1981 1212 2011; x_wconf 88' lang='grc' dir='ltr'><em>σι</em></span> <span class='ocrx_word' id='word_1_185' title='bbox 1243 1982 1381 2023; x_wconf 80' lang='lat' dir='ltr'>supra</span> <span class='ocrx_word' id='word_1_186' title='bbox 1413 1985 1462 2023; x_wconf 89' lang='grc' dir='ltr'><em>μι</em></span> <span class='ocrx_word' id='word_1_187' title='bbox 1492 1967 1562 2010; x_wconf 82' lang='lat' dir='ltr'><em>m²</em></span> <span class='ocrx_word' id='word_1_188' title='bbox 1590 1969 1595 2024; x_wconf 84' lang='grc' dir='ltr'>Ι</span> <span class='ocrx_word' id='word_1_189' title='bbox 1633 1967 1898 2022; x_wconf 82' lang='grc' dir='ltr'><em>ὀδύρασθαι</em></span> 
     </span>
     <span class='ocr_line' id='line_1_24' title="bbox 212 2026 1898 2083; baseline -0.002 -11"><span class='ocrx_word' id='word_1_190' title='bbox 212 2029 390 2072; x_wconf 82' lang='lat' dir='ltr'><em>BOzLa</em></span> <span class='ocrx_word' id='word_1_191' title='bbox 401 2030 458 2073; x_wconf 71' lang='lat' dir='ltr'><em>Vi</em></span> <span class='ocrx_word' id='word_1_192' title='bbox 467 2030 536 2072; x_wconf 89' lang='lat' dir='ltr'><em>Va</em></span> <span class='ocrx_word' id='word_1_193' title='bbox 671 2033 696 2071; x_wconf 85' lang='lat'>2</span> <span class='ocrx_word' id='word_1_194' title='bbox 722 2043 800 2083; x_wconf 92' lang='grc' dir='ltr'><em>μοι</em></span> <span class='ocrx_word' id='word_1_195' title='bbox 821 2027 995 2071; x_wconf 82' lang='lat' dir='ltr'>inserui</span> <span class='ocrx_word' id='word_1_196' title='bbox 1014 2042 1036 2070; x_wconf 85' lang='lat' dir='ltr'>e</span> <span class='ocrx_word' id='word_1_197' title='bbox 1058 2028 1371 2072; x_wconf 75' lang='lat' dir='ltr'><em>GrHVBOlD</em></span> <span class='ocrx_word' id='word_1_198' title='bbox 1383 2028 1441 2071; x_wconf 81' lang='lat' dir='ltr'><em>Vi</em></span> <span class='ocrx_word' id='word_1_199' title='bbox 1500 2040 1575 2070; x_wconf 90' lang='lat' dir='ltr'><em>om</em></span> <span class='ocrx_word' id='word_1_200' title='bbox 1594 2027 1711 2071; x_wconf 89' lang='lat' dir='ltr'><em>PLa</em></span> <span class='ocrx_word' id='word_1_201' title='bbox 1721 2028 1790 2071; x_wconf 89' lang='lat' dir='ltr'><em>Va</em></span> <span class='ocrx_word' id='word_1_202' title='bbox 1807 2026 1898 2069; x_wconf 82' lang='lat' dir='ltr'><em>edd</em></span> 
     </span>
     <span class='ocr_line' id='line_1_25' title="bbox 216 2085 1898 2146; baseline -0.002 -15"><span class='ocrx_word' id='word_1_203' title='bbox 216 2092 220 2146; x_wconf 84' lang='lat'><em>1</em></span> <span class='ocrx_word' id='word_1_204' title='bbox 256 2086 481 2142; x_wconf 84' lang='grc' dir='ltr'><em>πρότερον</em></span> <span class='ocrx_word' id='word_1_205' title='bbox 515 2088 571 2131; x_wconf 75' lang='lat' dir='ltr'><em>Vi</em></span> <span class='ocrx_word' id='word_1_206' title='bbox 603 2086 684 2130; x_wconf 84' lang='lat' dir='ltr'><em>sed</em></span> <span class='ocrx_word' id='word_1_207' title='bbox 717 2088 812 2143; x_wconf 86' lang='grc' dir='ltr'>ρ(1)</span> <span class='ocrx_word' id='word_1_208' title='bbox 846 2086 922 2130; x_wconf 84' lang='lat' dir='ltr'><em>del</em></span> <span class='ocrx_word' id='word_1_209' title='bbox 1042 2091 1067 2129; x_wconf 83' lang='lat'>5</span> <span class='ocrx_word' id='word_1_210' title='bbox 1102 2085 1278 2131; x_wconf 82' lang='grc' dir='ltr'><em>ὁδεύων</em></span> <span class='ocrx_word' id='word_1_211' title='bbox 1302 2087 1349 2129; x_wconf 88' lang='lat' dir='ltr'><em>P</em></span> <span class='ocrx_word' id='word_1_212' title='bbox 1375 2086 1477 2129; x_wconf 86' lang='lat' dir='ltr'><em>Mor</em></span> <span class='ocrx_word' id='word_1_213' title='bbox 1510 2086 1516 2144; x_wconf 82' lang='grc' dir='ltr'>Ι</span> <span class='ocrx_word' id='word_1_214' title='bbox 1551 2086 1636 2142; x_wconf 83' lang='grc' dir='ltr'><em>τὴν</em></span> <span class='ocrx_word' id='word_1_215' title='bbox 1666 2100 1758 2129; x_wconf 89' lang='lat' dir='ltr'><em>non</em></span> <span class='ocrx_word' id='word_1_216' title='bbox 1790 2087 1898 2129; x_wconf 76' lang='lat' dir='ltr'><em>ante</em></span> 
     </span>
     <span class='ocr_line' id='line_1_26' title="bbox 212 2144 1780 2203; baseline -0.001 -14"><span class='ocrx_word' id='word_1_217' title='bbox 212 2147 317 2200; x_wconf 85' lang='grc' dir='ltr'><em>περὶ</em></span> <span class='ocrx_word' id='word_1_218' title='bbox 350 2147 428 2190; x_wconf 80' lang='lat' dir='ltr'><em>sed</em></span> <span class='ocrx_word' id='word_1_219' title='bbox 457 2148 566 2190; x_wconf 78' lang='lat' dir='ltr'><em>ante</em></span> <span class='ocrx_word' id='word_1_220' title='bbox 591 2147 831 2203; x_wconf 84' lang='grc' dir='ltr'><em>συμβᾶσαν</em></span> <span class='ocrx_word' id='word_1_221' title='bbox 849 2147 923 2190; x_wconf 91' lang='lat' dir='ltr'><em>La</em></span> <span class='ocrx_word' id='word_1_222' title='bbox 935 2147 991 2189; x_wconf 68' lang='lat' dir='ltr'><em>Vz·</em></span> <span class='ocrx_word' id='word_1_223' title='bbox 1001 2146 1070 2188; x_wconf 87' lang='lat' dir='ltr'><em>Va</em></span> <span class='ocrx_word' id='word_1_224' title='bbox 1193 2150 1215 2188; x_wconf 84' lang='lat'><strong>7</strong></span> <span class='ocrx_word' id='word_1_225' title='bbox 1242 2146 1321 2189; x_wconf 81' lang='grc' dir='ltr'><em>καὶ</em></span> <span class='ocrx_word' id='word_1_226' title='bbox 1332 2145 1392 2201; x_wconf 82' lang='grc'><em>(2)</em></span> <span class='ocrx_word' id='word_1_227' title='bbox 1410 2145 1511 2188; x_wconf 88' lang='lat' dir='ltr'><em>Mor</em></span> <span class='ocrx_word' id='word_1_228' title='bbox 1572 2159 1648 2188; x_wconf 93' lang='lat' dir='ltr'><em>om</em></span> <span class='ocrx_word' id='word_1_229' title='bbox 1670 2144 1780 2187; x_wconf 84' lang='lat' dir='ltr'>libri</span> 
     </span>
     <span class='ocr_line' id='line_1_27' title="bbox 214 2203 1778 2261; baseline -0.002 -12"><span class='ocrx_word' id='word_1_230' title='bbox 214 2210 239 2249; x_wconf 90' lang='lat'>8</span> <span class='ocrx_word' id='word_1_231' title='bbox 274 2203 376 2250; x_wconf 84' lang='grc' dir='ltr'><em>οὐδ’</em></span> <span class='ocrx_word' id='word_1_232' title='bbox 414 2219 489 2249; x_wconf 90' lang='lat' dir='ltr'><em>om</em></span> <span class='ocrx_word' id='word_1_233' title='bbox 515 2207 559 2248; x_wconf 90' lang='lat' dir='ltr'><em>P</em></span> <span class='ocrx_word' id='word_1_234' title='bbox 597 2207 602 2261; x_wconf 93' lang='grc' dir='ltr'>Ι</span> <span class='ocrx_word' id='word_1_235' title='bbox 647 2204 902 2259; x_wconf 88' lang='grc' dir='ltr'><em>ὀδύρεσθαι</em></span> <span class='ocrx_word' id='word_1_236' title='bbox 926 2206 1120 2249; x_wconf 89' lang='lat' dir='ltr'><em>HVPD</em></span> <span class='ocrx_word' id='word_1_237' title='bbox 1154 2206 1161 2260; x_wconf 89' lang='grc' dir='ltr'>Ι</span> <span class='ocrx_word' id='word_1_238' title='bbox 1195 2221 1273 2260; x_wconf 83' lang='grc' dir='ltr'><em>μοι</em></span> <span class='ocrx_word' id='word_1_239' title='bbox 1303 2206 1410 2260; x_wconf 78' lang='lat' dir='ltr'>post</span> <span class='ocrx_word' id='word_1_240' title='bbox 1442 2204 1708 2257; x_wconf 82' lang='grc' dir='ltr'><em>ὀδύρασθαι</em></span> <span class='ocrx_word' id='word_1_241' title='bbox 1734 2205 1778 2246; x_wconf 88' lang='grc' dir='ltr'><em>Β</em></span> 
     </span>
     <span class='ocr_line' id='line_1_28' title="bbox 214 2262 1898 2320; baseline -0.001 -13"><span class='ocrx_word' id='word_1_242' title='bbox 214 2270 238 2307; x_wconf 90' lang='grc'><strong>9</strong></span> <span class='ocrx_word' id='word_1_243' title='bbox 265 2262 310 2307; x_wconf 84' lang='grc' dir='ltr'><em>δ’</em></span> <span class='ocrx_word' id='word_1_244' title='bbox 340 2278 415 2308; x_wconf 89' lang='lat' dir='ltr'><em>om</em></span> <span class='ocrx_word' id='word_1_245' title='bbox 438 2265 487 2308; x_wconf 89' lang='lat' dir='ltr'><em>D</em></span> <span class='ocrx_word' id='word_1_246' title='bbox 611 2268 664 2307; x_wconf 93' lang='grc'><em>10</em></span> <span class='ocrx_word' id='word_1_247' title='bbox 698 2263 887 2308; x_wconf 78' lang='grc' dir='ltr'><em>ἄνωθεν</em></span> <span class='ocrx_word' id='word_1_248' title='bbox 912 2264 1060 2308; x_wconf 85' lang='grc' dir='ltr'><em>εἰπεῖν</em></span> <span class='ocrx_word' id='word_1_249' title='bbox 1083 2264 1270 2320; x_wconf 86' lang='lat' dir='ltr'>reposui</span> <span class='ocrx_word' id='word_1_250' title='bbox 1295 2277 1320 2307; x_wconf 84' lang='lat' dir='ltr'>e</span> <span class='ocrx_word' id='word_1_251' title='bbox 1343 2262 1475 2306; x_wconf 83' lang='lat' dir='ltr'>libris</span> <span class='ocrx_word' id='word_1_252' title='bbox 1538 2263 1686 2306; x_wconf 83' lang='grc' dir='ltr'><em>εἰπεῖν</em></span> <span class='ocrx_word' id='word_1_253' title='bbox 1710 2263 1898 2306; x_wconf 82' lang='grc' dir='ltr'><em>ἄνωθεν</em></span> 
     </span>
     <span class='ocr_line' id='line_1_29' title="bbox 214 2321 1899 2379; baseline -0.001 -13"><span class='ocrx_word' id='word_1_254' title='bbox 214 2323 303 2366; x_wconf 85' lang='lat' dir='ltr'><em>edd</em></span> <span class='ocrx_word' id='word_1_255' title='bbox 340 2325 345 2379; x_wconf 86' lang='grc' dir='ltr'>Ι</span> <span class='ocrx_word' id='word_1_256' title='bbox 379 2331 477 2373; x_wconf 88' lang='grc' dir='ltr'><em>τοῖς</em></span> <span class='ocrx_word' id='word_1_257' title='bbox 502 2349 556 2355; x_wconf 85' lang='grc'>-</span> <span class='ocrx_word' id='word_1_258' title='bbox 585 2327 636 2365; x_wconf 93' lang='grc'><em>11</em></span> <span class='ocrx_word' id='word_1_259' title='bbox 674 2321 954 2379; x_wconf 78' lang='grc' dir='ltr'><em>ἐξαγγέλλειν</em></span> <span class='ocrx_word' id='word_1_260' title='bbox 987 2323 1103 2366; x_wconf 68' lang='lat' dir='ltr'><em>estat</em></span> <span class='ocrx_word' id='word_1_261' title='bbox 1134 2323 1364 2366; x_wconf 79' lang='lat' dir='ltr'>Macarius</span> <span class='ocrx_word' id='word_1_262' title='bbox 1395 2322 1474 2365; x_wconf 83' lang='lat' dir='ltr'>fol.</span> <span class='ocrx_word' id='word_1_263' title='bbox 1501 2325 1556 2364; x_wconf 88' lang='grc'><em>85</em></span> <span class='ocrx_word' id='word_1_264' title='bbox 1597 2326 1601 2377; x_wconf 83' lang='grc' dir='ltr'>Ι</span> <span class='ocrx_word' id='word_1_265' title='bbox 1645 2323 1899 2365; x_wconf 81' lang='grc' dir='ltr'><em>ἀσθενοῦσι</em></span> 
     </span>
     <span class='ocr_line' id='line_1_30' title="bbox 214 2379 1899 2436; baseline -0.002 -9"><span class='ocrx_word' id='word_1_266' title='bbox 214 2383 317 2427; x_wconf 75' lang='grc' dir='ltr'><em>ΒΘΖ</em></span> <span class='ocrx_word' id='word_1_267' title='bbox 348 2383 429 2425; x_wconf 79' lang='lat' dir='ltr'><em>sed</em></span> <span class='ocrx_word' id='word_1_268' title='bbox 461 2382 509 2425; x_wconf 89' lang='lat' dir='ltr'><em>in</em></span> <span class='ocrx_word' id='word_1_269' title='bbox 540 2382 628 2425; x_wconf 88' lang='lat' dir='ltr'><em>hoc</em></span> <span class='ocrx_word' id='word_1_270' title='bbox 669 2385 785 2426; x_wconf 86' lang='grc' dir='ltr'><em>σθεν</em></span> <span class='ocrx_word' id='word_1_271' title='bbox 816 2381 863 2424; x_wconf 89' lang='lat' dir='ltr'><em>in</em></span> <span class='ocrx_word' id='word_1_272' title='bbox 902 2396 976 2425; x_wconf 82' lang='lat' dir='ltr'><em>ras</em></span> <span class='ocrx_word' id='word_1_273' title='bbox 1018 2387 1042 2424; x_wconf 81' lang='lat'><strong>2</strong></span> <span class='ocrx_word' id='word_1_274' title='bbox 1075 2381 1154 2425; x_wconf 75' lang='lat' dir='ltr'><em>litt</em></span> <span class='ocrx_word' id='word_1_275' title='bbox 1184 2382 1253 2424; x_wconf 80' lang='lat' dir='ltr'><em>m4</em></span> <span class='ocrx_word' id='word_1_276' title='bbox 1398 2386 1450 2424; x_wconf 95' lang='lat'><em>11</em></span> <span class='ocrx_word' id='word_1_277' title='bbox 1496 2379 1678 2436; x_wconf 77' lang='grc' dir='ltr'><em>ἑτέρους</em></span> <span class='ocrx_word' id='word_1_278' title='bbox 1710 2382 1778 2424; x_wconf 93' lang='lat' dir='ltr'><em>Va</em></span> <span class='ocrx_word' id='word_1_279' title='bbox 1817 2380 1899 2423; x_wconf 78' lang='lat' dir='ltr'><strong>sed.</strong></span> 
     </span>
     <span class='ocr_line' id='line_1_31' title="bbox 215 2440 1898 2495; baseline -0.001 -11"><span class='ocrx_word' id='word_1_280' title='bbox 215 2458 296 2491; x_wconf 85' lang='grc' dir='ltr'><em>ους</em></span> <span class='ocrx_word' id='word_1_281' title='bbox 327 2456 382 2484; x_wconf 86' lang='lat' dir='ltr'><em>ex</em></span> <span class='ocrx_word' id='word_1_282' title='bbox 415 2458 484 2491; x_wconf 87' lang='grc' dir='ltr'><em>οις</em></span> <span class='ocrx_word' id='word_1_283' title='bbox 516 2454 616 2484; x_wconf 82' lang='lat' dir='ltr'>corr</span> <span class='ocrx_word' id='word_1_284' title='bbox 638 2440 708 2483; x_wconf 84' lang='lat' dir='ltr'><em>m²</em></span> <span class='ocrx_word' id='word_1_285' title='bbox 830 2445 883 2483; x_wconf 86' lang='lat'><em>12</em></span> <span class='ocrx_word' id='word_1_286' title='bbox 915 2440 984 2490; x_wconf 84' lang='grc' dir='ltr'><em>τίς</em></span> <span class='ocrx_word' id='word_1_287' title='bbox 1010 2442 1069 2486; x_wconf 83' lang='lat' dir='ltr'><em>Gr</em></span> <span class='ocrx_word' id='word_1_288' title='bbox 1191 2445 1244 2483; x_wconf 87' lang='lat'><em>13</em></span> <span class='ocrx_word' id='word_1_289' title='bbox 1277 2441 1338 2491; x_wconf 84' lang='grc' dir='ltr'><em>ὡς</em></span> <span class='ocrx_word' id='word_1_290' title='bbox 1369 2454 1445 2483; x_wconf 89' lang='lat' dir='ltr'><em>om</em></span> <span class='ocrx_word' id='word_1_291' title='bbox 1479 2442 1547 2484; x_wconf 87' lang='lat' dir='ltr'><em>Va</em></span> <span class='ocrx_word' id='word_1_292' title='bbox 1610 2440 1655 2490; x_wconf 83' lang='grc' dir='ltr'><em>ἐς</em></span> <span class='ocrx_word' id='word_1_293' title='bbox 1678 2441 1727 2483; x_wconf 91' lang='lat' dir='ltr'><em>D</em></span> <span class='ocrx_word' id='word_1_294' title='bbox 1753 2442 1761 2495; x_wconf 78' lang='grc' dir='ltr'>Ι</span> <span class='ocrx_word' id='word_1_295' title='bbox 1789 2453 1898 2495; x_wconf 87' lang='grc' dir='ltr'><em>συμ-</em></span> 
     </span>
     <span class='ocr_line' id='line_1_32' title="bbox 215 2497 1898 2570; baseline -0.001 -27"><span class='ocrx_word' id='word_1_296' title='bbox 215 2502 372 2568; x_wconf 84' lang='grc' dir='ltr'><em>βαλεῖν</em></span> <span class='ocrx_word' id='word_1_297' title='bbox 398 2501 526 2544; x_wconf 90' lang='lat' dir='ltr'><em>DVa</em></span> <span class='ocrx_word' id='word_1_298' title='bbox 558 2499 639 2544; x_wconf 83' lang='lat' dir='ltr'><em>sed</em></span> <span class='ocrx_word' id='word_1_299' title='bbox 670 2499 718 2542; x_wconf 94' lang='lat' dir='ltr'><em>in</em></span> <span class='ocrx_word' id='word_1_300' title='bbox 750 2500 838 2543; x_wconf 87' lang='lat' dir='ltr'><em>hoc</em></span> <span class='ocrx_word' id='word_1_301' title='bbox 869 2500 918 2542; x_wconf 90' lang='lat' dir='ltr'><em>in</em></span> <span class='ocrx_word' id='word_1_302' title='bbox 951 2499 1220 2557; x_wconf 81' lang='grc' dir='ltr'><em>συμβάλλειν</em></span> <span class='ocrx_word' id='word_1_303' title='bbox 1254 2513 1354 2542; x_wconf 84' lang='lat' dir='ltr'>corr</span> <span class='ocrx_word' id='word_1_304' title='bbox 1384 2499 1453 2541; x_wconf 82' lang='lat' dir='ltr'><em>m¹</em></span> <span class='ocrx_word' id='word_1_305' title='bbox 1477 2501 1524 2542; x_wconf 73' lang='lat' dir='ltr'><em>et</em></span> <span class='ocrx_word' id='word_1_306' title='bbox 1547 2516 1602 2556; x_wconf 75' lang='grc' dir='ltr'><em>γρ</em></span> <span class='ocrx_word' id='word_1_307' title='bbox 1628 2497 1898 2570; x_wconf 81' lang='grc' dir='ltr'><em>συμβάλλειν</em></span> 
     </span>
     <span class='ocr_line' id='line_1_33' title="bbox 215 2556 1900 2631; baseline -0.001 -29"><span class='ocrx_word' id='word_1_308' title='bbox 215 2560 264 2602; x_wconf 92' lang='lat' dir='ltr'><em>in</em></span> <span class='ocrx_word' id='word_1_309' title='bbox 296 2573 429 2616; x_wconf 79' lang='lat' dir='ltr'><em>marg</em></span> <span class='ocrx_word' id='word_1_310' title='bbox 460 2559 529 2602; x_wconf 76' lang='lat' dir='ltr'><em>m⁹</em></span> <span class='ocrx_word' id='word_1_311' title='bbox 674 2563 727 2602; x_wconf 84' lang='lat'><em>15</em></span> <span class='ocrx_word' id='word_1_312' title='bbox 768 2559 817 2603; x_wconf 78' lang='grc' dir='ltr'><em>ἐκ</em></span> <span class='ocrx_word' id='word_1_313' title='bbox 848 2559 1019 2610; x_wconf 86' lang='grc' dir='ltr'><em>παιδὸς</em></span> <span class='ocrx_word' id='word_1_314' title='bbox 1049 2573 1142 2602; x_wconf 83' lang='grc'>11011</span> <span class='ocrx_word' id='word_1_315' title='bbox 1174 2561 1281 2601; x_wconf 72' lang='lat' dir='ltr'><em>ante</em></span> <span class='ocrx_word' id='word_1_316' title='bbox 1313 2558 1363 2602; x_wconf 88' lang='grc' dir='ltr'><em>τὸ</em></span> <span class='ocrx_word' id='word_1_317' title='bbox 1397 2558 1479 2601; x_wconf 81' lang='lat' dir='ltr'><em>sed</em></span> <span class='ocrx_word' id='word_1_318' title='bbox 1512 2561 1619 2601; x_wconf 77' lang='lat' dir='ltr'><em>ante</em></span> <span class='ocrx_word' id='word_1_319' title='bbox 1652 2556 1776 2631; x_wconf 88' lang='grc' dir='ltr'><em>η’μην</em></span> <span class='ocrx_word' id='word_1_320' title='bbox 1797 2558 1900 2602; x_wconf 76' lang='grc' dir='ltr'><em>ΒΘΖ</em></span> 
     </span>
    </p>

    <p class='ocr_par' dir='ltr' id='par_1_7' title="bbox 215 2612 1898 2969">
     <span class='ocr_line' id='line_1_34' title="bbox 336 2612 1898 2689; baseline -0.001 -29"><span class='ocrx_word' id='word_1_321' title='bbox 336 2623 389 2660; x_wconf 87' lang='lat'><em>16</em></span> <span class='ocrx_word' id='word_1_322' title='bbox 420 2618 503 2668; x_wconf 82' lang='grc' dir='ltr'><em>τὰς</em></span> <span class='ocrx_word' id='word_1_323' title='bbox 535 2619 641 2660; x_wconf 72' lang='lat' dir='ltr'><em>ante</em></span> <span class='ocrx_word' id='word_1_324' title='bbox 673 2617 974 2671; x_wconf 80' lang='grc' dir='ltr'><em>τραπέζαςΙ)</em></span> <span class='ocrx_word' id='word_1_325' title='bbox 1003 2620 1008 2675; x_wconf 91' lang='grc' dir='ltr'>Ι</span> <span class='ocrx_word' id='word_1_326' title='bbox 1035 2615 1330 2673; x_wconf 82' lang='grc' dir='ltr'><em>ποιουμένοις</em></span> <span class='ocrx_word' id='word_1_327' title='bbox 1354 2617 1410 2659; x_wconf 88' lang='grc' dir='ltr'><em>Η</em></span> <span class='ocrx_word' id='word_1_328' title='bbox 1417 2619 1486 2674; x_wconf 74' lang='lat' dir='ltr'><em>Vl</em></span> <span class='ocrx_word' id='word_1_329' title='bbox 1515 2616 1636 2689; x_wconf 85' lang='grc' dir='ltr'><em>ἥμην</em></span> <span class='ocrx_word' id='word_1_330' title='bbox 1666 2617 1715 2658; x_wconf 88' lang='lat' dir='ltr'><em>in</em></span> <span class='ocrx_word' id='word_1_331' title='bbox 1747 2612 1776 2683; x_wconf 77' lang='grc' dir='ltr'><em>ᾗ</em></span> <span class='ocrx_word' id='word_1_332' title='bbox 1808 2615 1898 2672; x_wconf 81' lang='grc' dir='ltr'><em>μὴν</em></span> 
     </span>
     <span class='ocr_line' id='line_1_35' title="bbox 215 2672 1898 2734; baseline -0.001 -15"><span class='ocrx_word' id='word_1_333' title='bbox 215 2678 491 2720; x_wconf 67' lang='lat' dir='ltr'>muizandum</span> <span class='ocrx_word' id='word_1_334' title='bbox 515 2677 696 2720; x_wconf 81' lang='lat' dir='ltr'>censuit</span> <span class='ocrx_word' id='word_1_335' title='bbox 710 2677 871 2719; x_wconf 82' lang='lat' dir='ltr'><strong>Iacobs</strong></span> <span class='ocrx_word' id='word_1_336' title='bbox 888 2677 1018 2731; x_wconf 81' lang='lat' dir='ltr'>Misc,</span> <span class='ocrx_word' id='word_1_337' title='bbox 1040 2676 1390 2720; x_wconf 82' lang='lat' dir='ltr'>delenduonh</span> <span class='ocrx_word' id='word_1_338' title='bbox 1408 2676 1444 2719; x_wconf 89' lang='grc' dir='ltr'><strong>Τ</strong></span> <span class='ocrx_word' id='word_1_339' title='bbox 1464 2680 1547 2719; x_wconf 84' lang='lat'><em>728</em></span> <span class='ocrx_word' id='word_1_340' title='bbox 1609 2672 1728 2734; x_wconf 78' lang='grc' dir='ltr'><em>ᾕμην</em></span> <span class='ocrx_word' id='word_1_341' title='bbox 1751 2675 1799 2717; x_wconf 88' lang='lat' dir='ltr'><em>in</em></span> <span class='ocrx_word' id='word_1_342' title='bbox 1824 2689 1898 2718; x_wconf 84' lang='lat' dir='ltr'><em>ras</em></span> 
     </span>
     <span class='ocr_line' id='line_1_36' title="bbox 226 2734 1895 2792; baseline -0.001 -12"><span class='ocrx_word' id='word_1_343' title='bbox 226 2735 316 2780; x_wconf 83' lang='lat' dir='ltr'><em>Va²</em></span> <span class='ocrx_word' id='word_1_344' title='bbox 376 2734 466 2792; x_wconf 78' lang='grc' dir='ltr'><em>ἤμη</em></span> <span class='ocrx_word' id='word_1_345' title='bbox 439 2753 497 2792; x_wconf 87' lang='grc' dir='ltr'><em>ην</em></span> <span class='ocrx_word' id='word_1_346' title='bbox 515 2738 560 2780; x_wconf 88' lang='grc' dir='ltr'><em>Ρ</em></span> <span class='ocrx_word' id='word_1_347' title='bbox 679 2740 732 2778; x_wconf 85' lang='grc'><em>17</em></span> <span class='ocrx_word' id='word_1_348' title='bbox 765 2736 844 2778; x_wconf 81' lang='grc' dir='ltr'><em>καὶ</em></span> <span class='ocrx_word' id='word_1_349' title='bbox 869 2738 978 2779; x_wconf 79' lang='lat' dir='ltr'><em>ante</em></span> <span class='ocrx_word' id='word_1_350' title='bbox 1003 2735 1141 2780; x_wconf 78' lang='grc' dir='ltr'><em>οὐδὲν</em></span> <span class='ocrx_word' id='word_1_351' title='bbox 1168 2737 1236 2779; x_wconf 88' lang='lat' dir='ltr'><em>Va</em></span> <span class='ocrx_word' id='word_1_352' title='bbox 1260 2738 1307 2778; x_wconf 72' lang='lat' dir='ltr'><em>et</em></span> <span class='ocrx_word' id='word_1_353' title='bbox 1331 2749 1386 2778; x_wconf 83' lang='lat' dir='ltr'><em>ex</em></span> <span class='ocrx_word' id='word_1_354' title='bbox 1411 2736 1523 2779; x_wconf 78' lang='lat' dir='ltr'><em>alio</em></span> <span class='ocrx_word' id='word_1_355' title='bbox 1550 2736 1692 2791; x_wconf 75' lang='lat' dir='ltr'><em>Reyio</em></span> <span class='ocrx_word' id='word_1_356' title='bbox 1719 2734 1895 2778; x_wconf 79' lang='lat' dir='ltr'><em>Codice&#39;</em></span> 
     </span>
     <span class='ocr_line' id='line_1_37' title="bbox 217 2791 1824 2850; baseline -0.001 -14"><span class='ocrx_word' id='word_1_357' title='bbox 217 2795 318 2838; x_wconf 85' lang='lat' dir='ltr'><em>Mor</em></span> <span class='ocrx_word' id='word_1_358' title='bbox 347 2794 442 2838; x_wconf 75' lang='lat' dir='ltr'><em>Not</em></span> <span class='ocrx_word' id='word_1_359' title='bbox 492 2797 497 2850; x_wconf 66' lang='lat' dir='ltr'><strong>l</strong></span> <span class='ocrx_word' id='word_1_360' title='bbox 549 2791 650 2839; x_wconf 80' lang='grc' dir='ltr'><em>οὐδ’</em></span> <span class='ocrx_word' id='word_1_361' title='bbox 690 2794 754 2838; x_wconf 78' lang='grc' dir='ltr'><em>ἔτι</em></span> <span class='ocrx_word' id='word_1_362' title='bbox 782 2795 830 2837; x_wconf 90' lang='lat' dir='ltr'><em>D</em></span> <span class='ocrx_word' id='word_1_363' title='bbox 871 2795 950 2837; x_wconf 83' lang='lat' dir='ltr'><em>sed</em></span> <span class='ocrx_word' id='word_1_364' title='bbox 991 2794 1129 2838; x_wconf 79' lang='grc' dir='ltr'><em>οὐδὲν</em></span> <span class='ocrx_word' id='word_1_365' title='bbox 1169 2794 1249 2837; x_wconf 84' lang='grc' dir='ltr'><em>καὶ</em></span> <span class='ocrx_word' id='word_1_366' title='bbox 1291 2801 1376 2838; x_wconf 86' lang='grc' dir='ltr'><em>νῦν</em></span> <span class='ocrx_word' id='word_1_367' title='bbox 1417 2807 1630 2849; x_wconf 81' lang='lat' dir='ltr'><em>suprascr</em></span> <span class='ocrx_word' id='word_1_368' title='bbox 1666 2793 1748 2845; x_wconf 68' lang='lat' dir='ltr'><em>m2&#39;,</em></span> <span class='ocrx_word' id='word_1_369' title='bbox 1778 2794 1824 2836; x_wconf 88' lang='lat' dir='ltr'><em>B</em></span> 
     </span>
     <span class='ocr_line' id='line_1_38' title="bbox 218 2852 1898 2909; baseline -0.001 -13"><span class='ocrx_word' id='word_1_370' title='bbox 218 2853 326 2898; x_wconf 81' lang='grc' dir='ltr'><em>οὐδὲ</em></span> <span class='ocrx_word' id='word_1_371' title='bbox 359 2870 402 2896; x_wconf 88' lang='grc' dir='ltr'><em>τι</em></span> <span class='ocrx_word' id='word_1_372' title='bbox 435 2867 535 2897; x_wconf 86' lang='lat' dir='ltr'>corr</span> <span class='ocrx_word' id='word_1_373' title='bbox 561 2854 613 2897; x_wconf 79' lang='lat' dir='ltr'><em>Ol</em></span> <span class='ocrx_word' id='word_1_374' title='bbox 680 2854 788 2897; x_wconf 79' lang='grc' dir='ltr'><em>οὐδὲ</em></span> <span class='ocrx_word' id='word_1_375' title='bbox 813 2860 898 2897; x_wconf 84' lang='grc' dir='ltr'><em>νῦν</em></span> <span class='ocrx_word' id='word_1_376' title='bbox 925 2853 988 2897; x_wconf 81' lang='grc' dir='ltr'><em>ἔτι</em></span> <span class='ocrx_word' id='word_1_377' title='bbox 1011 2853 1219 2909; x_wconf 86' lang='grc' dir='ltr'><em>παύομαι</em></span> <span class='ocrx_word' id='word_1_378' title='bbox 1246 2855 1400 2909; x_wconf 74' lang='lat' dir='ltr'><em>(neque</em></span> <span class='ocrx_word' id='word_1_379' title='bbox 1428 2853 1577 2897; x_wconf 80' lang='lat' dir='ltr'><em>adhuc</em></span> <span class='ocrx_word' id='word_1_380' title='bbox 1599 2866 1721 2895; x_wconf 72' lang='lat' dir='ltr'><em>nwnc</em></span> <span class='ocrx_word' id='word_1_381' title='bbox 1744 2852 1898 2895; x_wconf 77' lang='lat' dir='ltr'><em>desino</em></span> 
     </span>
     <span class='ocr_line' id='line_1_39' title="bbox 220 2910 1896 2969; baseline -0.002 -13"><span class='ocrx_word' id='word_1_382' title='bbox 220 2914 454 2956; x_wconf 81' lang='lat' dir='ltr'><em>memoriae</em></span> <span class='ocrx_word' id='word_1_383' title='bbox 495 2912 765 2969; x_wconf 74' lang='lat' dir='ltr'><em>imprimere)</em></span> <span class='ocrx_word' id='word_1_384' title='bbox 810 2912 912 2955; x_wconf 82' lang='lat' dir='ltr'>coni</span> <span class='ocrx_word' id='word_1_385' title='bbox 957 2913 1022 2955; x_wconf 81' lang='lat' dir='ltr'><em>Re</em></span> <span class='ocrx_word' id='word_1_386' title='bbox 1081 2914 1085 2966; x_wconf 73' lang='grc' dir='ltr'><em>ξ</em></span> <span class='ocrx_word' id='word_1_387' title='bbox 1145 2910 1405 2967; x_wconf 80' lang='grc' dir='ltr'><em>παυόμενος</em></span> <span class='ocrx_word' id='word_1_388' title='bbox 1443 2910 1607 2966; x_wconf 81' lang='lat' dir='ltr'>scripsi</span> <span class='ocrx_word' id='word_1_389' title='bbox 1690 2910 1896 2966; x_wconf 86' lang='grc' dir='ltr'><em>παύομαι</em></span> 
     </span>
    </p>
   </div>
  </div>
 </body>
</html>
