2010 3168
517 79 850 124 INVECTIVA
879 79 945 122 IN
976 78 1327 123 AESCHINEM
1657 78 1757 130 201

79 217 272 289 δικαίῳ
307 215 398 269 καὶ
439 215 727 285 φιλέλληνι
765 213 856 268 καὶ
895 222 1194 284 κοσμοῦντι
1229 217 1359 277 τοὺς
1391 213 1770 282 ἐκπέμψαντας

80 299 163 368 οἷς
200 313 508 375 προῃρεῖτο.
552 304 635 356 17.
675 303 704 356 ὁ
745 304 806 356 δὲ
844 313 959 366 πῶς
999 313 1172 372 σιγῶν
1224 303 1457 372 εἱστήκει
1497 303 1767 356 τοιούτων

80 393 315 461 ἀκούων,
354 390 396 446 ὦ
436 394 635 462 ἄνδρες
667 391 974 461 Ἀθηναῖοι,
1014 394 1212 460 λόγων,
1251 390 1338 460 ἐφ’
1386 385 1469 454 οἷς
1507 411 1589 454 τις
1627 391 1767 460 <ἂν>

80 482 401 552 ἀνέκραγεν,
441 483 664 550 ἄφωνος
695 478 766 550 ἦν
796 490 890 550 τῆς
921 482 1156 544 πυλαίας
1188 479 1576 550 ἁρπαζομένης,
1617 481 1767 549 ἄφω-

78 592 174 634 νος
227 580 336 623 τῶν
391 570 740 640 σεμνοτάτων
796 568 1337 641 συνταραττομένων,
1391 571 1614 638 ἄφωνος
1667 576 1767 622 τοῦ
1815 590 1838 621 5

77 666 292 728 θεσμοῦ
349 658 781 729 διορυττομένου
850 657 939 712 καὶ
1005 656 1275 727 τοσαύτης
1335 658 1511 727 μέθης
1566 656 1653 711 ἐπὶ
1708 659 1767 710 τὸ

78 747 375 817 συνέδριον
428 747 738 818 φερομένης
790 749 880 801 καὶ
934 755 1034 800 τοῦ
1088 747 1487 818 καθαρωτάτου
1542 757 1653 799 τῶν
1708 745 1769 799 ἐν

65 837 291 906 ’Ἕλλησι
329 842 516 891 καλῶν
553 837 848 904 μέλλοντος
886 838 1432 907 καταρρυπαίνεσθαι
1464 834 1605 905 μίξει
1638 838 1769 905 βαρ-

78 927 266 997 βάρων
305 924 602 995 Ἀθηναῖος
654 927 756 993 ὤν,
806 926 954 996 εἴπερ
995 925 1135 994 ἐστί,
1183 927 1501 994 πυλαγόρας
1540 926 1636 993 ὥν,
1677 945 1767 977 κα-

78 1026 184 1078 κῶς
245 1014 371 1083 μέν,
434 1014 549 1068 ἀλλ’
620 1014 1047 1084 ἀπεσταλμένος,
1116 1015 1182 1066 τά
1253 1013 1610 1085 συμφέροντα
1674 1022 1769 1082 τῆς
1795 1034 1842 1066 10

78 1107 285 1167 πόλεως
313 1105 501 1174 γνώμῃ
533 1105 624 1157 καὶ
657 1113 816 1174 φωνῇ
850 1105 1043 1169 σώζειν
1073 1106 1314 1173 ταχθείς,
1347 1103 1528 1171 ὥσπερ
1562 1100 1770 1167 ἔξωθέν

78 1199 257 1247 ποθεν
304 1192 556 1246 ἐπελθὼν
603 1192 823 1263 Πέρσης
869 1192 901 1261 ἢ
950 1194 1207 1262 Σκύθης,
1264 1186 1306 1264 ᾧ
1355 1196 1563 1263 βραχὺς
1609 1194 1770 1260 λόγος

77 1292 189 1335 τῶν
227 1279 354 1352 παρ’
401 1282 535 1351 ἡμῖν
573 1282 893 1351 <νομίμων>
928 1280 934 1353 Ι
985 1281 1459 1351 ἀνατρεπομένων,
1499 1281 1588 1334 οὔ·
1636 1285 1862 1329 RHI404

78 1392 183 1434 τως
229 1368 398 1424 οὐδὲν
444 1372 570 1424 οὔτε
615 1371 814 1440 μικρὸν
865 1371 992 1424 οὔτε
1045 1374 1230 1439 μεῖζον
1281 1369 1588 1441 ἐφθέγξατο
1645 1371 1771 1422 οὔτε

78 1458 330 1530 ἔγρυξεν,
393 1461 573 1529 ὥσπερ
638 1458 846 1529 οἰκέτης
909 1459 1270 1528 ἐφεστηκότος
1340 1460 1610 1512 δεσπότου
1681 1457 1769 1511 καὶ
1796 1479 1842 1512 15

78 1549 401 1612 κελεύοντος
434 1557 610 1617 σιγᾶν.
649 1557 936 1617 τοσοῦτον,
977 1546 1018 1602 ὦ
1052 1550 1251 1618 ἄνδρες
1275 1547 1575 1617 Ἀθηναῖοι,
1608 1549 1773 1601 δύνα-

79 1658 166 1690 ται
214 1641 448 1708 χρυσίον
495 1638 669 1691 δοθὲν
708 1639 740 1707 ἢ
779 1639 1255 1707 προσδοκώμενον.
1322 1637 1405 1690 18.
1447 1638 1773 1706 ἰσχύσαντος

81 1727 148 1794 δὴ
194 1734 294 1780 τοῦ
341 1736 520 1790 κακῶς
566 1734 913 1797 φρονοῦντος
958 1725 1049 1779 καὶ
1103 1725 1522 1796 διεφθαρμένου
1571 1725 1774 1795 μέρους

79 1815 428 1883 ἠκολούθησε
482 1814 572 1868 καὶ
634 1816 694 1868 τὸ
758 1815 1072 1883 δυνάμενον
1124 1816 1282 1884 <ἄν>,
1338 1821 1392 1868 εἴ
1445 1835 1528 1878 τις
1591 1815 1776 1884 εἴρητο

199 2011 226 2049 4
250 2006 381 2050 Dem.
398 2006 511 2049 Mid.
530 2022 574 2062 p.
595 2010 755 2062 586,3;
787 2007 892 2051 fals.
911 2007 999 2064 leg.
1018 2022 1063 2062 p.
1083 2011 1249 2060 433‚20
1373 2010 1399 2050 8
1425 2005 1482 2049 cf.
1508 2006 1540 2050 t.
1558 2004 1622 2048 IV
1635 2009 1769 2059 446‚1

202 2188 227 2226 2
272 2191 519 2242 προῃρεῖτο
561 2184 725 2240 scripsi
764 2198 789 2228 e
823 2186 1010 2230 PHMa
1085 2189 1334 2239 προειρῆτο
1360 2184 1454 2228 Ath
1529 2180 1777 2238 προείρητο

82 2241 185 2286 Mor
243 2241 479 2301 προῄρητο
510 2243 578 2287 Re
607 2245 612 2299 Ι
642 2242 693 2288 δέ
722 2259 821 2293 πως
844 2245 891 2288 Ρ
918 2243 1021 2287 Mor
1142 2248 1167 2286 3
1206 2259 1276 2294 τις
1306 2243 1373 2286 Rc
1435 2240 1503 2293 τίς
1533 2241 1641 2285 libri
1673 2242 1774 2284 Mor

85 2304 91 2359 Ι
127 2299 186 2346 ἂν
218 2301 474 2358 ἀνέκραγεν
507 2302 671 2358 scripsi
734 2302 988 2359 ἀνέκραγεν
1019 2301 1128 2345 libri
1161 2302 1251 2346 edd
1314 2303 1398 2346 οὐκ
1432 2299 1491 2346 ἂν
1517 2301 1776 2358 ἀνέκραγεν

83 2362 152 2416 (ob
184 2375 299 2416 quae
331 2363 481 2417 ecquis
511 2363 634 2406 alius
664 2376 759 2406 non
789 2363 965 2406 clarum
997 2363 1305 2418 eoeclamasset)
1336 2361 1403 2404 Re
1481 2358 1541 2405 ἂν
1581 2361 1775 2418 ἔκραγεν

81 2419 243 2463 lacobs
282 2420 396 2463 Lech
420 2426 504 2464 213
545 2421 642 2465 Rev
665 2425 750 2464 426
895 2427 923 2465 4
958 2416 1016 2477 ἦν
1050 2420 1215 2477 scripsi
1291 2414 1348 2475 ἦς
1371 2421 1513 2464 AthP
1542 2420 1632 2463 edd
1710 2415 1777 2469 εἷς

83 2479 228 2522 ΗΜα
266 2481 272 2535 Ι
315 2478 697 2536 ἀναρπαζομένης
727 2480 795 2523 Re
919 2485 943 2523 6
978 2478 1336 2536 διορυττομένου
1367 2478 1554 2535 reposui
1586 2492 1610 2522 e
1642 2478 1778 2522 libris

83 2539 136 2581 ut
167 2538 271 2581 coni
304 2538 372 2582 Re
450 2538 755 2595 ὀρυττομένου
788 2540 878 2582 edd
1025 2544 1046 2582 7
1089 2540 1140 2584 ἐν
1173 2553 1247 2583 om
1275 2539 1363 2582 Ma
1507 2542 1532 2581 8
1572 2554 1774 2591 καταρν-

84 2652 341 2700 παίνεσθαι
366 2658 510 2701 ΗΜα
654 2662 678 2700 9
711 2615 925 2708 κακδζςςΡ
983 2657 1127 2709 κακὸς
1152 2659 1241 2702 Μα
1378 2661 1430 2700 13
1464 2654 1671 2711 νομίμων
1702 2655 1774 2698 in-

87 2715 210 2757 serui
235 2717 424 2759 auctore
449 2716 518 2760 Re
542 2715 734 2772 (‚‚deesse
757 2718 936 2762 videtur
959 2719 1113 2761 καλῶν
1139 2722 1222 2761 aut
1246 2714 1386 2760 ὁσίων
1411 2721 1493 2760 aut
1512 2712 1774 2770 Ανομιζμήῡιψᾝ

144 2786 218 2816 om
233 2773 344 2817 libri
358 2775 450 2818 edd
574 2779 627 2818 14
653 2773 752 2819 οὔτ’
774 2777 842 2820 Re
965 2781 1018 2819 16
1044 2775 1212 2829 ἄνδρες
1233 2789 1307 2819 om
1326 2775 1467 2819 AthP
1584 2777 1637 2817 19
1663 2773 1774 2829 ἠκο-

85 2831 297 2933 λούθΙῃὲέ
318 2833 481 2935 scdrcilpsi
513 2848 539 2878 e
562 2834 751 2878 PHMa
812 2835 1103 2891 ἠκολούθηκε
1127 2835 1221 2878 Ath
1253 2834 1344 2878 edd
1394 2836 1400 2889 Ι
1450 2833 1510 2876 ἄν
1542 2832 1716 2875 inserui

87 2902 160 2932 om
210 2905 227 2933 1
260 2905 302 2933 n
325 2906 349 2935 e
