2010 3168
432 95 858 144 DEMOSTHENIS
888 94 1236 140 DEDI'PION'IS
1266 94 1504 139 PETITIO
1715 94 1823 147 323

133 234 262 307 παρ’
307 235 457 303 ὑμῖν,
497 234 658 300 ὅπως,
696 235 748 286 εἰ
783 230 1074 302 μεταπέσοι
1106 231 1173 285 τὰ
1203 232 1350 301 παρὰ
1381 237 1481 284 τοῦ
1514 231 1825 299 δαιμονίου,

134 326 374 394 δύνηταί
420 342 571 385 τινος
624 321 1060 390 ἀναμιμνήσκειν
1119 321 1217 373 τὸν
1278 321 1469 389 δῆμον.
1523 316 1643 390 ᾔδει
1701 319 1825 388 γάρ,

133 413 255 484 ᾔδει
292 413 384 466 καὶ
422 419 529 465 νῦν
568 410 670 464 οὐκ
710 409 874 481 ἀρετῇ
913 409 1238 478 νενικηκώς,
1276 416 1340 478 τῇ
1382 408 1443 461 δὲ
1481 409 1617 479 τύχῃ
1655 407 1825 462 πλέον

136 502 391 572 ἐσχηκώς,
424 501 563 554 ὅθεν
594 499 764 553 αὐτὸν
796 498 978 552 ἀκούω
1010 495 1145 568 μηδὲ
1179 498 1645 566 στεφανώσασθαι
1680 501 1825 565 λογι-

134 593 380 660 ζόμενον,
418 592 502 653 τίς
541 589 620 642 ὢν
658 589 828 642 τίνων
869 586 1046 656 ἐφάνη
1086 589 1364 658 κρείττων.
1872 606 1892 640 5

246 680 294 732 9.
343 681 526 731 Ταῦτα
566 679 634 746 δή
664 697 772 744 μου
806 675 1214 741 σπουδάζοντος
1250 673 1342 729 καὶ
1381 677 1512 738 τοὺς
1546 675 1671 744 περὶ
1702 676 1827 727 τού-

132 787 245 821 των
290 766 352 820 ἐν
397 775 585 837 χεροῖν
638 764 860 836 ἔχοντος
915 767 1114 833 λόγους
1167 762 1317 834 ἔφθη
1364 765 1467 833 τὴν
1512 762 1649 833 ἐμὴν
1701 762 1827 833 περὶ

130 863 304 909 ταῦτα
341 859 612 927 πρόνοιαν
642 856 675 925 ἡ
716 858 995 908 Φιλίππου
1027 856 1303 924 πρεσβεία.
1344 855 1436 906 διὰ
1468 855 1526 905 τί
1554 853 1622 921 δὴ
1653 851 1818 905 ταῦθ’

134 945 310 1008 οὕτως
349 942 515 1014 εἷχεν;
556 944 764 1007 ἐκεῖνος
802 943 904 997 οὐκ
944 943 1165 1006 ἐλπίσας
1202 942 1300 996 ἕνα
1328 941 1627 1011 Ἀθηναῖον
1666 944 1828 1010 λήψε-

134 1040 271 1087 σθαι
309 1030 436 1103 παρ’
472 1032 799 1101 Ἀθηναίων,
839 1031 993 1101 ἀρκεῖ
1032 1033 1136 1101 γάρ
1183 1052 1278 1101 μοι
1325 1038 1594 1086 τοσοῦτον
1634 1031 1827 1098 εἰπεῖν,
1853 1051 1895 1085 10

135 1125 268 1186 τοὺς
327 1131 527 1176 τοῦτον
581 1124 906 1191 αἰτήσοντας
967 1118 1219 1189 ἔπεμψεν.
1282 1121 1384 1191 οὐχ
1445 1121 1620 1183 οὕτως
1686 1120 1829 1189 ὑμᾶς

133 1211 460 1282 ἀλλοτρίους
514 1211 725 1280 ἡγεῖται
780 1219 892 1264 τῶν
944 1209 1196 1281 πατέρων
1249 1209 1367 1264 οὐδ’
1425 1210 1660 1278 ἀνήκοός
1715 1209 1828 1262 ἐστι

136 1310 250 1353 τῶν
302 1303 550 1354 παλαιῶν
604 1297 860 1368 πολέμων
913 1297 973 1352 ἐν
1036 1291 1120 1361 οἷς
1172 1302 1393 1353 πολλῶν
1453 1303 1698 1352 πολιτῶν
1751 1300 1829 1361 εἰς

137 1391 268 1452 τοὺς
296 1390 594 1455 πολεμίους
625 1388 877 1442 ἁλόντων
912 1385 1097 1449 οὐδεὶς
1128 1387 1389 1456 τοιαύτην
1421 1387 1618 1457 εὕρατο
1652 1387 1827 1440 λύσιν.

135 1474 252 1531 ἀλλ’
307 1477 630 1546 ἐνεθυμήθη
677 1477 813 1546 πρὸς
865 1475 1061 1543 αὑτόν,
1116 1476 1190 1538 ὡς
1244 1477 1483 1543 αἰτήσω
1539 1473 1654 1545 μὲν
1708 1474 1827 1545 ἐγὼ
1853 1497 1894 1529 15

134 1568 249 1620 τὸν
287 1564 755 1635 Δημοσθένην,
802 1565 830 1618 ὁ
879 1565 949 1618 δὲ
996 1563 1255 1633 ἀντερεῖ
1299 1565 1673 1632 παρελθών,
1722 1563 1827 1617 καὶ

134 1655 164 1708 ὁ
202 1655 321 1725 μὲν
360 1656 560 1724 δῆμος
599 1654 671 1707 οὐ
716 1653 724 1725 Ι
772 1655 991 1722 δώσει,
1032 1656 1304 1720 λυπήσει
1346 1653 1414 1706 δὲ
1453 1661 1647 1706 τοῦτο
1693 1658 1917 1703 RIV270

132 1747 289 1806 τοὺς
342 1753 470 1796 τῶν
518 1743 939 1812 αἰχμαλώτων
986 1744 1299 1811 οἰκείους,
1354 1743 1827 1811 παραιρήσεται

136 1829 206 1886 δὲ
244 1833 314 1885 τὸ
355 1840 614 1902 πρᾶγμα
652 1840 763 1901 τῆς
801 1839 916 1885 τοῦ
970 1832 1244 1902 ῥήτορος
1288 1832 1677 1901 παρρησίας,
1723 1832 1827 1884 καὶ

134 1923 288 1984 τοὺς
342 1920 727 1983 ἀντιδίκους
781 1920 985 1983 οὕτως
1038 1919 1166 1984 ἕξει
1219 1920 1531 1988 πολλούς,
1587 1920 1829 1974 ὁπόταν
1853 1941 1895 1973 20

134 2007 432 2079 ἐπιχειρῇ
471 2029 534 2063 τι
575 2009 808 2078 λέγειν.
850 2009 934 2063 10.
972 2009 1252 2072 τοιαύταις
1284 2009 1455 2062 αὑτὸν
1487 2009 1515 2062 ὁ
1549 2007 1830 2076 βέλτιστος

255 2144 282 2183 4
314 2138 449 2183 Diod.
484 2139 525 2184 S.
552 2138 659 2185 XVI
682 2144 754 2185 87.
797 2139 962 2184 Iustin.
985 2139 1049 2183 IX
1077 2144 1118 2183 4.
1152 2139 1208 2183 cf.
1242 2140 1296 2184 A.
1339 2139 1559 2184 Schacfcr
1590 2139 1826 2183 Dcmosth.

135 2197 276 2243 1114*
398 2203 452 2243 12
485 2198 542 2243 cf.
574 2214 619 2256 p.
647 2203 748 2253 274,
766 2203 791 2242 9
916 2203 970 2243 13
1001 2198 1122 2243 Plat.
1154 2212 1250 2256 rep.
1274 2199 1317 2243 V
1347 2215 1391 2256 p
1417 2199 1563 2243 468A

260 2323 282 2361 1
328 2318 437 2374 ὑμῖν
481 2317 647 2391 scripsi
690 2331 745 2360 ex
777 2317 1092 2362 HVViMaGl
1174 2317 1286 2390 ἡμῖν
1312 2319 1358 2362 Ρ
1395 2317 1486 2361 edd
1646 2323 1671 2361 3
1703 2314 1826 2375 ᾔδει]

137 2375 229 2433 ἤδη
262 2377 320 2420 Vi
451 2381 477 2419 4
509 2377 570 2432 μὴ
603 2375 654 2421 δὲ
680 2376 994 2422 HPViMaOz
1040 2377 1047 2433 Ι
1097 2374 1390 2432 λογιζόμενον
1416 2379 1503 2421 Μα
1537 2376 1618 2420 sed
1651 2379 1748 2433 v(2)
1779 2376 1829 2419 in

138 2449 214 2479 ras
244 2435 315 2478 m'
374 2433 664 2491 λογιζόμενος
687 2436 733 2479 Ρ
761 2435 863 2480 Mor
982 2440 1008 2479 6
1041 2434 1191 2491 δήμου
1223 2435 1325 2479 Mor
1457 2440 1482 2479 8
1515 2436 1543 2493 ἡ
1576 2450 1651 2480 om
1683 2436 1785 2479 Mor
1820 2436 1823 2491 ξ

139 2493 267 2538 διατί
291 2495 490 2540 ΗΜαΟῑ
524 2497 531 2551 1
568 2501 715 2538 ταῦτα
750 2496 806 2539 Vi
927 2499 980 2538 10
1012 2492 1127 2549 παρ’
1163 2494 1326 2550 scripsi
1359 2507 1383 2538 c
1415 2495 1474 2539 Vi
1533 2494 1662 2549 παρὰ
1687 2496 1745 2539 Η
1750 2494 1835 2538 VP

141 2553 286 2598 Maoz
317 2554 408 2597 edd
554 2558 606 2596 11
641 2561 806 2598 τοῦτον
838 2553 1003 2610 scripsi
1035 2556 1225 2598 auctore
1256 2554 1324 2598 Re
1384 2561 1520 2598 τοῦτο
1552 2553 1662 2598 libri
1694 2553 1784 2596 edd
1819 2553 1825 2611 Ι

138 2612 366 2669 ἔπεμψενς
399 2612 489 2657 edd
518 2617 524 2665 Ι
552 2611 715 2671 ουτως]
748 2611 819 2657 ὅτι
848 2630 946 2664 πως
976 2612 1049 2656 vel
1082 2628 1149 2657 οτι
1180 2614 1415 2664 παντελῶς
1446 2613 1550 2658 coni
1582 2613 1650 2657 Re
1677 2615 1683 2668 Ι
1710 2612 1831 2668 ἡμᾶς

148 2672 236 2716 VP
351 2676 407 2715 14
437 2671 568 2716 λύσιν
595 2671 683 2715 Ma
715 2672 797 2715 sed
829 2674 854 2716 λ
883 2672 932 2715 in
963 2685 1037 2715 ras
1070 2671 1139 2715 ω’
1261 2677 1314 2715 15
1351 2670 1494 2716 αὑτόν
1526 2671 1690 2727 scripsi
1715 2685 1739 2713 e
1773 2671 1830 2715 Vi

142 2730 288 2774 Maol
348 2730 491 2775 αὐτὸν
516 2730 665 2775 HVP
691 2730 783 2774 edd
912 2734 966 2774 16
998 2731 1077 2774 καὶ
1103 2744 1177 2774 om
1208 2730 1268 2774 Vi
1398 2736 1454 2774 20
1486 2747 1631 2782 ουτως
1662 2729 1829 2785 scripsi

140 2792 330 2833 auctore
362 2790 429 2832 Re
491 2789 630 2839 ὄντας
652 2789 708 2832 H
715 2790 876 2835 VVicz
935 2789 1078 2840 ὄντως
1103 2791 1192 2834 Μα
1216 2789 1297 2833 sed
1322 2807 1356 2834 ω
1384 2790 1434 2833 in
1465 2804 1540 2833 ras
1565 2789 1635 2833 m²
1695 2802 1771 2832 om
1788 2791 1834 2835 P

140 2848 232 2891 edd
280 2848 288 2906 Ι
331 2845 462 2892 ὁπότ’
499 2845 559 2892 ἂν
587 2849 732 2892 Maol
852 2853 905 2891 21
938 2846 982 2892 τί
1008 2849 1115 2893 Hel
1155 2851 1161 2905 Ι
1205 2848 1347 2893 αὑτὸν
1379 2848 1543 2905 scripsi
1575 2861 1600 2892 e
1627 2848 1771 2893 Maol

141 2906 286 2951 αὐτὸν
314 2907 526 2952 HVPVi
556 2907 646 2950 edd
1023 2950 1025 2952 .

1385 2981 1474 3023 21*
