2010 3168
237 99 307 151 14
686 100 868 144 LIBAN
870 101 912 144 11
944 101 1332 146 DECLAMATIO
1364 102 1470 147 XIII

231 236 449 298 τούτοις
510 233 611 304 μὲν
673 236 1045 305 ἐξεπέμψαμεν
1101 238 1434 306 Ποτίδαιαν,
1496 234 1650 293 οὗτοι
1713 242 1773 294 δὲ
1824 244 1924 312 βίᾳ

232 327 494 392 λαβόντες
532 324 810 394 κατέσχον.
850 322 920 392 ἦν
958 333 1122 378 τοῦτο
1163 327 1230 379 οὐ
1261 328 1458 395 μικρὸν
1490 327 1726 398 ἀδίκημα
1755 333 1924 383 πόλιν

232 422 472 482 συγγενῆ
513 414 602 466 καὶ
650 416 821 482 φίλην
867 415 1159 467 δουλεύειν
1190 411 1510 483 Ἀθηναίοις
1555 420 1813 486 φρουράν
1861 439 1920 473 τε

229 503 376 572 παρὰ
416 503 624 555 τούτων
666 502 940 572 δέχεσθαι.
979 505 1070 556 καὶ
1109 505 1170 556 τὸ
1209 512 1431 573 πρᾶγμα
1462 503 1628 558 οὐδὲν
1663 507 1922 575 διέφερεν

186 589 263 658 τιῆ
304 593 355 644 εἰ
390 588 515 659 παρ’
562 591 717 660 ἡμῶν
756 592 941 644 αὐτῶν
976 601 1086 645 τῶν
1118 595 1444 662 Κορινθίων
1476 596 1688 662 φόρους
1726 595 1919 665 ἐπράτ-

228 699 404 732 τοντο.
452 681 484 748 ἡ
526 681 629 749 γὰρ
677 682 755 743 εἰς
800 684 930 742 τοὺς
977 680 1240 743 ἀποίκους
1293 682 1454 750 ὕβρις
1509 681 1595 735 ἐπὶ
1649 687 1780 746 τοὺς
1834 685 1920 738 ἐκ·

227 769 543 834 πέμψαντας
584 766 713 838 εἶχε
740 771 841 836 τὴν
889 770 1194 838 ἀναφοράν.
1250 769 1365 822 ἀλλ’
1415 772 1559 837 ὅμως
1599 773 1656 825 οἱ
1693 781 1920 827 τοιαῦτα

227 857 576 927 ὑβριζόμενοι
609 857 698 911 καὶ
732 861 1262 927 προπηλακιζόμενοι
1295 860 1396 927 τὴν
1427 861 1662 930 ἡσυχίαν
1693 861 1919 931 ἤγομεν,

226 943 365 1015 ἦγον
413 948 474 1000 δὲ
520 946 610 999 καὶ
660 948 718 1000 oc
763 949 1127 1001 Ποτιδαιᾶται
1181 949 1328 1018 παρὰ
1381 950 1482 1017 τὴν
1528 950 1713 1002 αὑτῶν
1758 949 1919 1013 ἀξίαν

161 1053 203 1086 10
228 1035 648 1104 δεδουλωμένοι.
701 1039 830 1099 τοὺς
870 1040 1080 1106 φόρους
1119 1037 1413 1107 ἀπέφερον,
1455 1037 1739 1105 ἐκρίνοντο
1772 1040 1920 1103 παρὰ

225 1126 444 1187 τούτοις
493 1125 569 1193 [οἱ
617 1125 968 1195 Κορι’νθιοι],
1018 1127 1111 1188 τὰς
1159 1125 1589 1194 ἐπιβαλλομένας
1635 1131 1917 1196 στρατείας

225 1211 633 1282 ἐστρατεύοντο.
674 1213 799 1266 ἀλλ’
846 1215 937 1267 ἵνα
969 1216 1040 1283 μὴ
1074 1212 1201 1267 καθ’
1244 1213 1473 1268 ἕκαστον
1505 1214 1663 1284 λέγω,
1701 1217 1916 1284 προθύ-

224 1322 338 1367 μως
376 1303 633 1371 ἠτύχουν.

339 1391 419 1443 11.
462 1394 658 1444 Πόθεν
698 1388 800 1444 οὖν
839 1391 1108 1461 ἀφόρητοι
1147 1390 1236 1444 καὶ
1278 1393 1408 1461 ἡμῖν
1438 1402 1553 1455 τοῖς
1586 1395 1917 1462 Κορινθίοις

158 1497 199 1530 15
225 1480 314 1531 καὶ
350 1489 483 1542 ,τοῖς
539 1481 933 1543 Ποτιδαιάταις
987 1479 1243 1548 ἐγένοντο
1299 1477 1474 1548 οὗτοι;
1537 1479 1627 1534 καὶ
1681 1484 1737 1534 τί
1786 1485 1918 1545 τοὺς

224 1567 560 1636 ἀνθρώπους
600 1569 785 1622 αὐτῶν
832 1568 1120 1638 ἀπε’στησε;
1171 1571 1232 1622 τὸ
1279 1569 1469 1637 μηκέτι
1516 1567 1643 1638 μηδ’
1691 1571 1763 1633 ὡς
1801 1582 1916 1634 τοῖς

224 1658 409 1719 ἄλλοις
448 1657 713 1726 ὑπηκόοις
754 1657 973 1710 ἐθέλειν.
1011 1658 1199 1721 αὐτοῖς
1250 1664 1513 1728 χρῆσθαι,
1565 1662 1914 1728 περιττότερα

223 1744 271 1797 δ’
313 1746 647 1818 ἐξευρίσκειν
679 1745 1025 1819 ἐπιτάγματα.
1058 1755 1228 1799 ταῦτα
1261 1745 1309 1799 δ’
1348 1743 1416 1815 ἧν
1449 1751 1593 1816 τι’να;
1634 1750 1763 1810 τοὺς
1800 1748 1913 1813 ἐπιτ

223 1835 597 1904 δημιουργοὺς
643 1837 715 1904 μὴ
765 1835 1048 1904 δέχεσθαι,
1097 1837 1160 1888 τὰ
1209 1837 1355 1905 τείχη
1407 1842 1725 1903 καθαιρεῖν,
1774 1837 1914 1899 ὅλως

1833 1930 1841 1953 5

341 2000 366 2038 2
401 1995 542 2039 Thuc.
567 1996 589 2038 I
613 2000 667 2039 59
814 2001 839 2039 3
873 1995 1016 2040 Thuc.
1042 1995 1062 2037 Ι
1087 2000 1156 2050 64,
1178 2001 1198 2039 1
1349 2001 1371 2038 7
1407 1996 1536 2040 Dem.
1562 2011 1604 2052 p.
1635 2000 1731 2048 704,
1753 2001 1777 2040 8

225 2059 277 2097 18
311 2054 367 2097 cf.
401 2055 434 2097 12.
459 2054 523 2097 IV
549 2059 648 2108 133,
666 2060 691 2098 ὃ
816 2061 868 2098 19
903 2055 1043 2098 Thuc.
1069 2055 1090 2098 I
1115 2060 1171 2098 56

342 2207 363 2244 1
400 2201 718 2259 ἐξεπέμψαμεν
754 2202 918 2258 scripsi
951 2204 1139 2246 auctore
1163 2203 1231 2246 Re
1265 2201 1352 2246 coll
1378 2203 1406 2246 1.
1435 2207 1458 2245 6
1486 2204 1532 2246 et
1554 2217 1598 2258 p.
1621 2206 1739 2258 16,8.
1766 2201 1909 2246 Thuc.

219 2260 262 2303 Π
287 2265 424 2317 27‚1;
465 2261 526 2304 VI
552 2267 636 2316 6‚3
723 2260 993 2317 ἐπέμψαμεν
1032 2261 1141 2304 libri
1181 2261 1270 2305 edd
1329 2266 1334 2316 Ι
1393 2262 1458 2312 εἰς
1496 2258 1762 2306 Ποτίδαιαν
1805 2260 1910 2305 coni

221 2319 324 2363 Mor
467 2325 491 2362 3
524 2321 604 2364 καὶ
636 2335 711 2364 om
742 2320 906 2377 Doxap
1041 2326 1069 2364 4
1101 2319 1229 2376 παρὰ
1264 2321 1320 2364 Vi
1351 2321 1431 2363 sed
1463 2321 1567 2374 περὶ
1601 2320 1649 2363 in
1677 2334 1811 2377 marg
1839 2319 1911 2363 m'

279 2379 385 2433 περὶ
402 2379 597 2425 ΒΜαΟΖ
718 2384 743 2422 5
769 2377 919 2436 φόρον
942 2379 1106 2436 Doxap
1230 2385 1252 2422 ‘a'
1285 2379 1328 2422 οἱ
1354 2393 1427 2423 om
1452 2379 1613 2435 Doxap
1737 2383 1761 2422 9
1794 2374 1909 2435 ἦγον

221 2437 293 2496 δὲ]
319 2437 348 2493 ἡ
373 2438 459 2494 γὰρ
486 2438 543 2494 δὴ
567 2439 731 2495 Doxap
759 2442 765 2494 Ι
793 2438 898 2493 περὶ
916 2437 1019 2482 ΒΟΖ
1046 2444 1050 2492 ᾗ
1080 2439 1232 2482 αὑτῶν
1266 2438 1430 2494 scripsi
1492 2439 1645 2482 αὐτῶν
1677 2436 1786 2481 libri
1818 2437 1909 2481 edd

341 2502 393 2540 10
427 2498 506 2541 καὶ
538 2500 645 2541 ante
677 2498 804 2553 παρὰ
836 2497 999 2554 Doxap
1041 2500 1047 2553 Ι
1096 2497 1225 2551 παρὰ
1258 2498 1316 2541 Vi
1347 2497 1428 2540 sed
1461 2497 1564 2551 περὶ
1595 2497 1645 2540 in
1676 2511 1808 2553 marg
1838 2496 1909 2539 m²

341 2561 392 2598 11
420 2555 464 2600 οἱ
490 2557 739 2610 Κορίνθιοι
764 2559 872 2613 post
895 2561 921 2600 8
950 2556 1120 2613 ἤγομεν
1144 2556 1543 2612 transponendum
1571 2558 1728 2599 censet
1752 2555 1908 2599 Gasda‘.

281 2614 534 2658 cancellavi
565 2618 618 2659 uf,
648 2615 850 2672 glossam
885 2615 946 2658 ad
978 2614 1148 2671 ἤγομεν
1179 2615 1227 2658 in
1252 2615 1461 2670 margine
1490 2615 1691 2671 positam
1722 2617 1908 2670 postea-

220 2687 310 2729 que
334 2673 424 2716 huc
449 2674 654 2717 delatam
778 2679 830 2717 12
856 2671 972 2718 καθ’
1003 2674 1197 2718 ἕκαστον
1223 2673 1386 2730 scripsi
1410 2687 1434 2718 e
1460 2673 1723 2718 BViMaCl
1743 2672 1905 2728 Doxap

279 2731 571 2776 καθέκαστον
598 2734 758 2776 HVM
788 2734 878 2777 edd
1003 2738 1056 2777 14
1089 2734 1198 2789 ὑμῖν
1223 2734 1361 2776 ΒΜα
1393 2733 1474 2776 sed
1505 2732 1555 2775 in
1586 2733 1672 2775 hoc
1703 2749 1731 2787 η
1764 2744 1907 2787 supra

219 2807 247 2833 v
272 2791 354 2846 m⁸‚
382 2791 434 2835 Cl
461 2794 467 2847 Ι
494 2792 574 2835 καὶ
599 2794 709 2836 ante
732 2799 828 2842 τοῖς
844 2794 890 2836 Β
1015 2797 1067 2835 16
1092 2792 1153 2848 μὴ
1178 2789 1222 2835 δ’
1238 2792 1397 2836 ΗΜΒ
1410 2791 1614 2835 ViMaCl
1626 2791 1787 2845 Doxap

223 2853 277 2893 18
308 2848 555 2904 ἐξευρίσκει
587 2852 693 2906 περὶ
723 2849 779 2893 τὰ
811 2849 1061 2906 πράγματα
1091 2851 1254 2907 Doxap
1284 2851 1290 2906 Ι
1318 2850 1704 2906 ἐπιδημιουργοὺς
1741 2847 1905 2903 scripsi

220 2909 300 2952 eB
318 2908 408 2952 coll
425 2924 466 2965 p.
487 2914 554 2963 13,
569 2915 620 2952 12
641 2913 687 2952 et
704 2909 846 2953 Thue.
866 2910 892 2952 1.
905 2909 933 2952 l.
998 2910 1308 2967 δημιουργοὺς
1323 2908 1492 2964 reliqui
1508 2908 1618 2952 libri
1635 2908 1796 2962 Doxap
1814 2906 1905 2950 edd
