2010 3168
608 92 1073 139 CORINTHIORUM
1107 91 1330 137 ORATIO
1749 128 1751 131 ,
1780 91 1813 143 9

124 250 264 292 πους
310 228 398 283 ἐπὶ
444 230 544 297 τὴν
590 231 923 299 κατηγορίαν
969 233 1158 282 καλεῖν
1204 227 1294 281 καὶ
1340 227 1550 297 μηδένα
1598 227 1815 280 ἀπολεί-

123 325 328 372 πεσθαι
368 319 488 371 δεῖν
525 326 626 371 τοῦ
664 321 936 389 παρόντος
975 317 1188 385 ἀγῶνος
1223 320 1354 386 μήτε
1394 327 1505 370 τῶν
1539 315 1816 384 Ἑλλήνων

124 410 256 476 μήτε
309 416 420 460 τῶν
473 406 794 477 βαρβάρων,
848 409 915 460 τά
969 408 1072 475 γὰρ
1128 408 1206 469 εἰς
1251 408 1351 475 τὴν
1397 407 1595 472 κοινὴν
1642 405 1816 472 φύσιν

123 496 588 564 παρανομηθέντα
624 504 830 564 κοινῆς,
871 491 1039 564 οἶμαι,
1079 497 1253 549 δεῖται
1291 495 1382 548 καὶ
1420 503 1516 562 τῆς
1554 497 1817 562 βοηθείας

123 585 214 637 καὶ
251 593 347 653 τῆς
384 586 729 653 κατηγορίας,
770 586 922 654 ἡμεῖς
961 582 1023 638 δὲ
1055 585 1156 654 οὐχ
1187 585 1261 647 ὡς
1293 583 1686 650 ἀναδεξάμενοι
1717 586 1816 634 τὸν
1863 602 1883 634 r>

122 670 261 740 ὑπὲρ
300 674 524 727 πάντων
562 676 730 741 λόγον
771 673 890 727 οὐδ’
938 675 1011 737 ὡς
1057 673 1234 727 δεινοὶ
1281 673 1463 742 λέγειν
1503 673 1658 734 ὄντες
1697 670 1816 725 ἐπέ-

123 776 327 830 στημεν
364 770 428 831 τῇ
470 772 783 834 συγγραφῇ,
824 772 1113 832 συγγενεῖς
1160 762 1210 816 δ’
1257 765 1413 826 ὄντες
1458 760 1550 814 καὶ
1589 760 1817 829 πατέρες

122 860 234 903 τῶν
274 850 335 903 ἐν
374 851 631 920 ἀλλήλοις
671 852 1038 905 ἀπολωλότων
1076 851 1377 920 ἀλγοῦντές
1415 871 1495 920 τε,
1546 851 1618 913 ὡς
1657 851 1816 916 εἰκός,

121 944 333 1007 μᾶλλον
383 939 582 1010 ἑτέρων
630 939 717 1009 ἐφ’
772 941 945 1004 οὕτως
992 941 1177 1009 ἀσεβεῖ
1226 939 1317 993 καὶ
1373 941 1581 1012 ἀπίστῳ
1633 939 1816 991 πάθει.

123 1029 261 1082 ὅθεν
300 1029 454 1098 ἡμῶν
492 1027 594 1098 μὲν
632 1031 734 1098 τὴν
773 1033 1098 1099 προθυμίαν
1138 1029 1503 1098 ἀποδέχεσθε,
1549 1026 1707 1081 αὐτοὶ
1756 1025 1816 1080 δὲ
1842 1048 1885 1080 ιο

123 1118 198 1179 ὡς
243 1125 414 1170 πᾶσιν
461 1117 782 1187 ἀνθρώποις
832 1116 1104 1181 δείξοντες
1151 1118 1295 1171 οὕτω
1338 1119 1672 1171 διανοεῖσθε.
1727 1118 1817 1169 καὶ

123 1206 252 1275 γάρ,
300 1208 347 1259 εἰ
393 1209 491 1273 μία
535 1210 694 1270 πόλις
739 1206 772 1275 ἡ
819 1213 1137 1260 πεπονθυῖα
1183 1214 1377 1275 ταῦτα,
1431 1207 1624 1260 κοινὸν
1677 1214 1817 1275 γοῦν

122 1296 345 1347 πάντων
385 1297 446 1349 τὸ
486 1296 735 1365 ἀτύχημα
772 1296 1106 1365 ἀνθρώπους
1135 1297 1289 1358 τινὰς
1321 1298 1484 1358 ὄντας
1515 1296 1659 1348 οὕτω
1692 1315 1817 1362 τρα-

123 1393 310 1452 φῆναι.

233 1474 283 1527 4.
320 1472 326 1544 Ι
362 1476 759 1538 Ποτιδαιάταις
790 1472 892 1544 μὲν
923 1472 1026 1528 οὖν
1059 1476 1181 1528 ὅσοι
1214 1495 1276 1543 γε
1307 1475 1635 1528 ὑπολείπον-
1681 1477 1802 1522 RIV
1820 1481 1905 1520 350

122 1582 232 1631 ται,
272 1563 332 1615 τὸ
373 1564 478 1633 γὰρ
518 1567 711 1617 πλεῖον
750 1565 934 1617 αὐτῶν
976 1563 1327 1633 ἐξανάλωται,
1367 1561 1495 1617 οὔθ’
1545 1563 1702 1616 ὅσιον
1741 1565 1819 1626 εἰς
1844 1583 1884 1614 16

122 1651 263 1719 ὑμᾶς
317 1657 620 1722 παρελθεῖν
675 1654 802 1706 οὔτε
855 1662 1251 1722 κατηγορῆσαι,
1315 1652 1451 1704 ἀλλὰ
1506 1653 1643 1720 πρὸς
1703 1662 1818 1714 τοῖς

122 1741 311 1802 ἄλλοις
357 1751 544 1804 κακοῖς
589 1742 680 1795 καὶ
726 1750 891 1796 τοῦτο
939 1741 1140 1795 ἐκεῖνοι
1189 1743 1528 1811 δυστυχοῦσι
1575 1744 1636 1793 τὸ
1684 1740 1810 1810 μηδ’

121 1829 259 1897 ὑπὲρ
301 1825 379 1882 ὧν
418 1832 730 1884 πεπόνθασι
771 1833 966 1900 φωνὴν
998 1830 1222 1900 ἀφιέναι
1255 1832 1553 1899 δύνασθαι,
1591 1834 1674 1893 τίς
1714 1832 1817 1899 γὰρ

122 1915 263 1986 (Bw)
303 1917 621 1987 ἀνθρώπων
657 1920 1043 1987 μεμιασμένων
1083 1919 1114 1988 ἢ
1150 1919 1445 1987 ὁρωμένων
1475 1919 1508 1988 ἢ
1542 1923 1819 1987 λεγόντων
1843 1938 1885 1970 20

123 2006 438 2075 ἀνάσχοιτο;
476 2006 786 2076 Ἀθηναίων
825 2007 875 2062 δ’
922 2009 1077 2073 ἄξιον
1115 2010 1401 2076 θαυμάσαι
1439 2019 1554 2072 πῶς
1591 2009 1693 2075 μὲν
1740 2010 1817 2070 εἰς

122 2095 223 2162 τὴν
270 2095 677 2164 ἀμφικτυονίαν
723 2098 1167 2167 παρεληλύθασι,
1214 2108 1330 2161 πῶς
1377 2098 1439 2151 δὲ
1480 2098 1816 2166 καθαρεύειν

244 2232 295 2270 11
332 2226 388 2270 ef.
422 2241 467 2283 p.
498 2231 565 2281 18,
586 2231 655 2272 12.
688 2227 806 2272 Plat.
833 2242 928 2284 rep.
952 2227 973 2271 I
1003 2243 1048 2285 p.
1076 2233 1160 2272 327
1180 2228 1216 2271 E
1340 2233 1394 2272 22
1420 2227 1550 2272 Dem.
1583 2244 1627 2285 p.
1650 2233 1815 2283 153‚14

246 2350 267 2387 1
302 2342 467 2402 μηδέν’
504 2345 561 2389 Vi
635 2344 780 2403 μηδὲν
805 2348 1002 2393 ΒΜαΟῑ
1137 2351 1162 2390 6
1195 2343 1302 2391 οὐδ’
1338 2346 1503 2404 scripsi
1536 2360 1560 2390 e
1595 2347 1639 2391 V
1701 2344 1812 2390 οὔθ’

122 2446 290 2503 reliqui
322 2447 433 2492 libri
466 2449 556 2492 edd
695 2454 721 2493 8
755 2450 805 2495 ἐν
838 2464 911 2494 om
938 2451 1027 2494 Ma
1168 2455 1193 2494 9
1226 2405 1401 2507 ἷιτάἰῖἔν
1421 2452 1466 2495 Β
1518 2453 1524 2506 Ι
1575 2449 1693 2495 οὕτω
1719 2451 1776 2494 H
1783 2451 1825 2495 V

244 2555 295 2594 11
330 2507 561 2605 §gigantes
584 2554 630 2597 Β
691 2550 923 2606 δείξοντες
950 2553 1074 2604 ὅπως
1099 2557 1383 2608 διανοεῖσθε,
1408 2551 1554 2603 οὕτως
1576 2554 1816 2606 ἀκροᾶσθε

124 2609 229 2651 coni
259 2610 327 2653 Re
449 2616 503 2655 13
535 2611 728 2656 πάντων
760 2612 924 2669 scripsi
953 2626 977 2656 e
1002 2613 1265 2657 BViMaoz
1325 2627 1401 2656 om
1427 2614 1532 2657 HV
1587 2612 1818 2667 scriptura

123 2666 173 2710 in
197 2667 259 2712 Or
288 2682 454 2725 parum
487 2673 615 2714 certa
675 2670 899 2716 ἁπάντων
926 2672 987 2715 Μ
1014 2672 1106 2715 edd
1230 2678 1282 2716 15
1316 2670 1617 2716 ποτιδαιάται
1644 2672 1703 2714 Μ
1742 2673 1749 2725 Ι
1792 2669 1816 2713 ὃ

125 2725 203 2777 σὸς
228 2727 281 2771 01
328 2731 334 2785 Ι
384 2726 427 2785 γ’
461 2729 733 2774 MViMacz
763 2730 854 2773 edd
917 2731 1148 2788 scriptura
1178 2730 1228 2774 in
1261 2732 1322 2776 Gr
1360 2745 1526 2787 parum
1558 2732 1684 2774 certa

127 2788 182 2826 16
212 2788 372 2831 πλεῖον
404 2788 569 2844 scripsi
602 2803 625 2832 e
653 2789 861 2834 GrHVB
920 2789 1062 2834 πλέον
1088 2789 1363 2835 MViMaOz
1394 2790 1485 2833 edd
1608 2793 1659 2832 17
1701 2788 1817 2844 ἡμᾶς

133 2842 339 2890 ViMan
459 2852 513 2891 18
546 2847 606 2904 μὴ
631 2845 677 2891 δ’
706 2849 804 2893 ΗΒ
817 2849 1024 2893 ViMacz
1082 2848 1144 2905 μὴ
1168 2848 1219 2893 δὲ
1254 2849 1294 2892 V
1411 2853 1468 2892 20
1500 2845 1559 2891 ἂν
1583 2847 1758 2891 inserui

126 2913 200 2944 om
232 2902 342 2947 libri
374 2905 464 2948 edd
491 2908 498 2960 Ι
527 2904 771 2962 ὁρωμένων
802 2907 852 2950 in
884 2920 1019 2964 marg
1045 2907 1157 2952 Ma⁸
