2010 3168
175 116 287 169 618
647 115 875 159 LIBANII
905 113 1292 159 DECLAMATIO
1325 114 1451 158 XXX

172 258 348 304 οῦτον
392 256 635 304 πλοῦτον
682 252 942 318 δεδωκός,
989 249 1082 320 ἐμὲ
1121 247 1183 303 δὲ
1223 249 1283 303 έν
1328 258 1394 321 τῇ
1439 254 1602 323 πενία
1649 271 1871 320 τετηρη-

172 343 296 408 ’κός,
353 340 498 409 ὅμως
553 339 839 409 ἐξεύρηταί
888 359 982 407 μοι
1037 340 1359 408 σοφώτερόν
1413 359 1465 392 τι
1494 347 1607 408 τῆς
1653 339 1870 393 ἐκεῖθεν

179 437 447 498 μηχανῆς,
501 429 606 481 κᾶν
658 427 816 496 ὑμεῖς
878 427 1176 496 ἐθελήσητε
1233 429 1726 495 συναγωνίσασθαι
1779 427 1870 481 καὶ

181 518 379 570 δοῦναι
419 525 582 570 τοῦτο
622 515 709 586 ἐφ’
757 517 886 584 ὅπερ
929 517 1067 585 ἥκω,
1116 516 1341 569 λέλυταί
1381 537 1473 586 μοι
1519 517 1580 569 τὸ
1622 518 1871 586 λυπηρὸν

128 627 155 659 5
179 604 269 658 καὶ
324 606 425 673 τὴν
479 605 793 674 ἐπηρεάζειν
846 604 1192 673 βουλομένην
1252 608 1612 675 νενικήκαμεν
1673 607 1868 675 Τύχην.

178 696 240 748 τὸ
288 695 390 762 γὰρ
441 693 499 747 ἐκ
545 702 645 746 τοῦ
691 696 864 760 νόμου
911 695 1144 747 κώνειον
1193 701 1309 756 τοῖς
1353 694 1655 762 πράττουσι
1694 703 1870 757 κακῶς

178 783 335 852 ὑμῶν
375 783 649 836 διδόντων
687 784 735 836 εἰ
774 786 971 851 πίοιμι,
1010 784 1143 850 μετὰ
1183 790 1282 835 τοῦ
1313 784 1441 851 βίου
1480 783 1569 836 καὶ
1600 791 1697 852 τῆς
1728 783 1868 836 ἀθυ-

92 927 93 930 ,
178 874 304 940 μίας
342 870 730 941 ἀπαλλάξομαι.
793 872 841 923 2.
883 868 1008 924 οἶδα
1045 871 1147 940 μὲν
1186 867 1290 924 οὖν
1329 871 1430 940 ὅτι,
1471 871 1574 924 κᾶν
1611 872 1684 940 μὴ
1723 873 1866 940 τύχω

177 967 278 1013 τοῦ
319 961 628 1030 φαρμάκου,
667 968 731 1030 τῇ
771 961 916 1029 λύπῃ
955 980 1016 1027 γε
1048 958 1171 1012 ἀντὶ
1210 967 1309 1012 τοῦ
1343 961 1634 1030 φαρμάκου
1672 963 1867 1030 χρήσο-

106 1071 155 1103 10
178 1069 301 1118 μαι,
349 1048 602 1118 διαφέρει
642 1045 703 1101 δὲ
742 1056 1013 1102 τοσοῦτον
1052 1050 1187 1102 ὅσον
1237 1049 1297 1101 τὸ
1337 1048 1438 1116 μὲν
1476 1051 1611 1118 ταχὺ
1650 1048 1741 1102 καὶ
1780 1051 1869 1117 τη’-

177 1157 347 1206 μερον
387 1137 697 1191 ἀποθανεῖν
735 1137 957 1206 παρέχει
995 1138 1085 1190 καὶ
1124 1138 1186 1190 τὸ
1228 1140 1353 1190 λιάν
1385 1135 1548 1201 ὀξέως
1579 1139 1868 1206 χαρίζεται,

177 1235 273 1295 τῆς
313 1224 371 1279 δὲ
412 1225 708 1296 ἀνέχεσθαι
749 1228 834 1279 δεῖ
863 1227 924 1279 τὸ
959 1235 1113 1294 σῶμα
1144 1226 1280 1278 κατὰ
1310 1226 1508 1295 μικρὸν
1540 1226 1869 1294 δαπανώσης

177 1314 268 1368 καὶ
307 1317 571 1384 ποιούσης
617 1316 719 1383 τὴν
768 1317 1070 1384 δυστυχίαν
1108 1315 1336 1384 μακράν.
1378 1315 1557 1382 ὥσπερ
1601 1310 1706 1367 οὖν
1745 1314 1865 1367 ἕκα-

178 1419 304 1467 στος
341 1404 515 1473 ὑμῶν,
555 1406 601 1457 εἰ
634 1409 894 1457 τελευτᾶν
926 1403 1228 1471 ἀναγκαῖον
1267 1403 1367 1471 ε’ίη,
1405 1401 1647 1471 βούλοιτ’
1685 1402 1755 1457 ἂν
1796 1404 1868 1466 ὡς

105 1514 152 1546 15
177 1493 403 1562 τάχιστα
442 1493 665 1563 ἀφεῖναι
703 1494 805 1562 τὴν
843 1493 1027 1562 ψυχὴν
1066 1491 1098 1560 ἢ
1139 1494 1344 1561 χρόνον
1390 1493 1464 1555 ὡς
1507 1496 1767 1545 πλεῖστον
1806 1491 1868 1546 ἐν

177 1582 445 1650 ἀλγηδόσι
499 1580 827 1644 κατασαπεὶς
890 1580 995 1644 ὀψέ
1043 1601 1172 1634 ποτε
1228 1581 1519 1648 ἀπελθεῖν,
1576 1581 1720 1633 οὕτω
1775 1579 1865 1633 καὶ

177 1671 343 1732 αὐτὸς
389 1672 491 1739 τὴν
537 1671 629 1724 διὰ
674 1679 773 1723 τοῦ
827 1671 1060 1723 κωνείου
1114 1672 1418 1739 προτίθημι
1465 1670 1725 1737 τελευτὴν
1770 1678 1865 1738 τῆς

80 1764 208 1808 RIV
227 1768 310 1807 160
356 1759 413 1812 ἐκ
449 1759 455 1828 Ι
490 1766 588 1812 τοῦ
643 1764 940 1812 λυπεῖσθαι
995 1757 1425 1827 συμβησομένης.
1480 1757 1636 1826 ὑμεῖς
1687 1755 1747 1811 δὲ
1793 1759 1866 1827 μὴ

177 1846 415 1916 γένησθε
453 1846 678 1917 χαλεποὶ
716 1847 855 1913 πρὸς
893 1847 994 1914 τὴν
1034 1848 1209 1916 δόσιν,
1247 1845 1365 1899 ἀλλ’
1414 1845 1599 1914 ἐπειδὴ
1639 1853 1713 1918 τῷ
1754 1849 1863 1914 γεί-

103 1958 153 1990 20
176 1956 298 1989 τονι
346 1935 575 2005 γέγονεν
622 1936 650 1988 ὁ
690 1939 927 1998 πλοῦτος
980 1935 1128 2004 παρὰ
1181 1942 1276 2003 τῆς
1324 1935 1517 2004 Τύχης,
1558 1933 1677 2002 ἐμοὶ
1730 1934 1856 2003 παρ’

175 2025 335 2093 ὑμῶν
373 2024 401 2078 ὁ
440 2025 695 2087 θάνατος.

296 2159 320 2198 9
353 2155 690 2199 Ach.Ta1:.III
716 2159 1007 2210 17,316
1039 2154 1159 2198 Plat.
1190 2154 1363 2198 Phaed.
1395 2170 1440 2211 p.
1467 2155 1575 2198 86B
1595 2169 1661 2210 sq.

296 2278 320 2316 2
367 2271 547 2317 ἐκείνου
572 2275 618 2317 Ρ
654 2275 701 2317 eb
739 2291 792 2331 γρ
833 2275 883 2317 in
921 2286 1055 2330 marg
1093 2272 1195 2316 Mor
1338 2276 1361 2315 3
1406 2272 1535 2329 ἡμεῖς
1558 2274 1667 2319 HCl
1702 2273 1803 2316 Mor
1853 2272 1860 2331 Ι

169 2330 364 2389 ἐθέλητε
384 2335 515 2378 ΜοΒ
543 2335 550 2388 Ι
578 2348 655 2388 μοι
677 2337 785 2389 post
810 2332 1056 2389 ἐθελήσητε
1082 2332 1172 2375 edd
1235 2331 1384 2375 delevi
1505 2337 1532 2375 4
1555 2329 1682 2376 τοῦτ’
1703 2333 1811 2376 HV

170 2391 407 2448 scriptura,
437 2392 486 2435 in
514 2392 573 2436 Or
603 2392 730 2435 haud
754 2392 1000 2448 perspicua
1121 2397 1146 2434 ὅ
1180 2389 1489 2446 νενικήκαμεν
1518 2391 1673 2463 Τυχην
1698 2390 1862 2447 scripsi

169 2464 201 2494 e
233 2451 665 2495 BPMLaViClVa
740 2449 961 2508 νενίκηκα
999 2451 1143 2507 τύχην
1176 2451 1259 2493 Mo
1335 2450 1479 2522 τύχην
1518 2447 1738 2506 νενίκηκα
1762 2451 1870 2494 HV

175 2510 243 2553 Re
306 2510 534 2582 scriptura,
566 2510 614 2552 in
642 2509 701 2554 Cr
730 2510 858 2553 haud.
888 2509 1136 2566 perspicua
1198 2507 1503 2564 νενικήκαμεν
1535 2523 1610 2553 0111
1642 2509 1743 2553 Mor

171 2573 200 2610 7
235 2566 463 2613 διδόντων
494 2570 622 2625 ὑμῶν
649 2571 732 2613 Mo
765 2570 846 2612 sed
877 2570 1004 2625 ὑμῶν
1037 2568 1086 2611 in
1117 2583 1250 2624 marg
1276 2575 1282 2623 Ι
1317 2575 1397 2623 τῆς
1428 2566 1636 2624 ἀθυμίας
1667 2568 1747 2612 καὶ
1777 2575 1859 2611 τοῦ

170 2628 280 2685 βίου
299 2628 352 2671 Η
361 2629 403 2671 V
420 2628 488 2671 Re
550 2628 814 2682 scriptura
802 2643 852 2671 m
871 2628 930 2673 Cr
952 2627 1079 2671 haud
1102 2627 1347 2683 perspicua
1469 2631 1492 2670 9
1524 2634 1605 2670 τοῦ
1617 2629 1679 2682 (2)
1703 2640 1778 2670 om
1804 2627 1860 2669 Vz'

186 2687 252 2730 Va
303 2689 308 2743 Ι
360 2686 609 2743 φαρμάκου
641 2687 683 2730 V
711 2687 793 2731 sed
825 2703 879 2730 ov
911 2687 960 2730 in
990 2701 1064 2730 ras
1096 2685 1165 2728 m²
1310 2690 1363 2728 10
1396 2686 1475 2729 καὶ
1507 2689 1615 2729 ante
1647 2684 1860 2741 διαφέρει

174 2744 308 2789 LaGl
338 2746 419 2789 sed
450 2746 499 2788 in
530 2746 618 2790 hoc
651 2745 727 2789 del
757 2746 1003 2789 111412
1036 2742 1084 2788 δ’
1115 2746 1247 2789 MoB
1286 2747 1291 2800 Ι
1326 2745 1612 2800 καταμικρὸν
1637 2746 1741 2789 ΡΜ

177 2808 231 2847 15
262 2802 435 2861 τάχιστ’
467 2805 513 2848 Ρ
638 2809 691 2849 16
724 2805 1025 2871 κατασαπεὶς]
1057 2809 1384 2859 κατασαπῆναι
1415 2804 1493 2846 καὶ
1521 2804 1813 2848 OrHVMoB
1846 2805 1852 2860 Ι

172 2860 293 2905 ούτω
326 2877 402 2907 0111
433 2863 534 2907 Mor
565 2863 647 2907 sed
678 2881 733 2919 γρ
766 2863 815 2906 in
846 2877 979 2920 marg
1123 2867 1176 2905 19
1209 2861 1425 2916 γένοισθε
1450 2863 1507 2907 H
1512 2862 1792 2907 VBMOWa

173 2921 405 2977 scriptura
436 2922 485 2964 in
512 2923 571 2967 Gr
601 2936 767 2978 parum
799 2923 1044 2978 perspicua
1071 2923 1078 2978 Ι
1105 2921 1187 2977 μὲν
1219 2924 1327 2977 post
1355 2918 1528 2977 γείτονι
1552 2921 1653 2965 HV
