2010 3168
260 93 687 140 DEMOSTHENIS
721 93 983 138 MORTEM
1016 93 1306 138 PETENTIS
1339 92 1562 138 ORATIO
1663 94 1770 147 271

81 230 280 300 λέγειν,
306 238 432 300 σιγῇ
466 228 513 283 δ’
547 229 833 298 ἐκαθήμην
864 228 1156 298 ἀναμένων
1188 229 1217 283 ὅ
1248 249 1301 282 τι
1331 236 1406 301 τῷ
1433 230 1585 301 δήμω
1619 228 1770 293 δόξοι

79 323 318 389 νομίζων
364 318 564 383 ἐξεῖναι
613 319 929 386 πρεπούσας
976 316 1292 387 ἐλευθέροις
1338 323 1622 371 ποιεῖσθαι
1677 320 1782 381 τὰς

81 408 410 478 ἀποκρίσεις.
471 417 585 470 πῶς
639 403 744 461 οὗν
795 407 974 474 ὑμεῑς;
1033 404 1075 460 ὦ
1129 407 1464 476 Χαιρώνεια,
1525 408 1772 476 πονηρὸν

79 498 309 567 χωρίον,
364 498 438 560 ὡς
490 498 752 564 γενναῖόν
805 516 863 549 τε
917 497 1095 565 δῆμον
1147 494 1234 548 καὶ
1285 496 1473 548 δεινὸν
1524 495 1774 565 ἀκαιρίας

82 586 325 654 ἐνεγκεῖν
370 583 742 656 ἐθορύβησας;
795 593 891 653 τῆς
939 584 1049 638 ἐκεῖ
1095 585 1394 653 δυστυχίας
1448 580 1518 652 ἦν
1571 585 1661 637 καὶ
1707 585 1773 637 τὰ

79 682 201 729 νῦν.
244 673 476 746 ᾐτήσατε
515 673 676 727 πέντε
715 673 916 743 ἡμέρας
963 675 1041 735 εἰς
1087 669 1313 742 βουλήν.
1365 672 1457 726 καὶ
1497 674 1555 727 οἶ
1589 677 1768 726 Μακε·

80 764 240 825 δόνες
277 765 435 832 μόλις
472 763 591 832 μέν,
631 762 932 816 ἐπένευσαν
971 761 1047 816 δέ.

11 848 14 850 ’
194 852 276 905 10.
316 849 477 920 Ἀλλ’,
518 848 559 904 ὦ
596 852 872 920 βέλτιστοι
911 851 1211 922 πρέσβεων,
1252 851 1419 905 οὐδὲν
1451 852 1537 904 δεῖ
1568 852 1774 921 διατρι-

80 944 180 1010 βῆς
234 938 366 994 οὐδὲ
421 942 595 994 δεῖται
648 941 904 1009 τοιαύτης
951 941 979 994 ὁ
1036 942 1207 1010 δῆμος
1259 941 1492 1011 χάριτος.
1548 939 1651 993 οὐκ
1704 939 1775 993 ἐῶ

78 1039 349 1083 τοσοῦτον
404 1030 608 1092 αὐτοὺς
662 1033 989 1100 κατατρίψαι
1042 1031 1262 1098 χρόνον.
1317 1031 1555 1099 τήμερον
1607 1030 1668 1082 τό
1715 1049 1776 1097 γε

83 1119 216 1186 ἐμὸν
263 1118 639 1188 ἀναστρέψατε
685 1118 863 1188 μέρος.
919 1115 1075 1172 οὗτοι
1124 1116 1227 1188 μὲν
1281 1119 1384 1187 γὰρ
1439 1116 1566 1187 παρ’
1620 1118 1778 1187 ὑμῶν

80 1207 241 1261 πέντε
281 1206 489 1279 ᾔτησαν
527 1207 746 1278 ἡμέρας,
786 1207 892 1276 ἐγὼ
936 1207 1069 1276 <δὲ>
1100 1204 1226 1277 παρ’
1271 1208 1430 1276 ὑμῶν
1470 1208 1776 1277 φάρμακον.

0 1345 2 1349 .
81 1299 249 1365 νόμος
311 1294 359 1350 δ’
429 1296 543 1350 ἐστὶ
605 1295 731 1366 παρ’
793 1298 926 1365 ἡμῖν
986 1298 1086 1349 τὸν
1148 1297 1214 1349 οὐ
1277 1299 1620 1364 βουλόμενον
1660 1299 1778 1364 «ζῆν

0 1407 2 1440 2
81 1385 478 1455 ἀποθνήσκειν,
519 1385 584 1438 ὃν
622 1387 774 1439 οὔπω
809 1385 1001 1439 λέλυκε
1040 1387 1325 1447 Φίλιππος.
1365 1384 1467 1447 ἕως
1507 1380 1610 1438 οὗν
1648 1405 1776 1455 κρα-

81 1486 179 1544 τεῖ,
218 1477 383 1529 τοῦδε
421 1483 516 1543 τῆς
553 1477 819 1543 βοηθείας
852 1474 1161 1528 ἀπολαύσω.
1205 1475 1290 1526 11.
1330 1483 1466 1536 τοῖς
1506 1475 1777 1527 ἀνίατόν

0 1572 6 1614 ’,
81 1585 142 1617 τι
180 1572 478 1631 νοσοῦσι,
519 1567 673 1633 φησί,
705 1565 822 1632 τὴν
860 1562 962 1617 ἐπὶ
994 1565 1109 1617 τὸν
1139 1566 1345 1632 νόμον
1376 1560 1547 1616 εἶναι
1587 1582 1777 1616 κατα-

0 1659 1 1663 ’
84 1654 301 1722 φυγὴν
346 1654 452 1706 καὶ
501 1661 645 1715 τοῖς
689 1652 882 1706 τέκνα
931 1653 1383 1721 ἀποβαλοῦσιν
1429 1651 1463 1720 ἢ
1509 1653 1626 1721 τὴν
1672 1652 1778 1705 οὐ-

6 1735 7 1738 '
83 1745 233 1795 σίαν
271 1743 305 1810 ή
345 1761 406 1795 τι
442 1750 756 1795 τοιοῦτον
794 1741 1022 1811 ε’τερον
1060 1743 1486 1795 πεπονθόσιν.
1540 1742 1594 1799 εἰ
1642 1738 1709 1793 δε
1749 1741 1778 1793 ὁ

85 1832 286 1900 δῆμος
324 1832 534 1884 δεῖται
566 1830 971 1900 μακροτέρας
1009 1829 1156 1898 περὶ
1190 1837 1307 1884 σοῦ
1340 1833 1610 1898 βουλῆς,
1648 1838 1779 1891 πῶς

83 1918 251 1973 τοῦτ’
300 1919 482 1984 ἄξιον
542 1920 860 1989 θανάτους
905 1929 1022 1982 τοῖς
1069 1920 1314 1981 ἰδιώταις
1363 1939 1446 1981 τις
1492 1926 1686 1986 ταῦτα,
1736 1915 1777 1971 ὦ

86 2009 286 2079 ἄνδρες
316 2007 616 2077 Ἀθηναῖοι,
650 2009 866 2076 λεγέτω,
900 2003 979 2061 ὧν
1018 2009 1080 2061 αι
1111 2009 1272 2077 τύχαι
1311 2016 1427 2070 τοῖς
1460 2008 1625 2070 ἰδίοις
1662 2009 1776 2076 κρί·

85 2117 278 2150 νονται
326 2099 622 2168 πράγμασι.
671 2097 875 2167 ῥήτορα
923 2097 984 2150 δὲ
1029 2097 1120 2150 καὶ
1165 2103 1367 2150 τοῦτον
1405 2095 1780 2165 Δημοσθένην

85 2187 183 2238 τὸν
217 2187 454 2255 ζηλωτὴν
483 2185 820 2255 Ἀριστείδου
852 2185 943 2239 καὶ
974 2189 1182 2239 Νικίου
1213 2183 1307 2238 καὶ
1340 2184 1677 2254 Περικλέους
1705 2187 1778 2252 μὴ

207 2321 230 2359 7
264 2316 380 2361 Plat.
413 2317 518 2372 Lys.
550 2332 596 2374 p
624 2321 707 2360 222
725 2317 784 2372 B·
816 2317 941 2360 Prot.
974 2332 1019 2373 p.
1046 2315 1186 2359 360D
1310 2320 1362 2359 11
1390 2315 1447 2360 cf.
1476 2317 1509 2359 t.
1535 2315 1578 2360 V
1602 2319 1703 2369 486,
1723 2319 1777 2359 13

209 2376 588 2459 lsscf.{3V55l
609 2381 662 2420 14
786 2376 1360 2432 230f.‚p.8915;327‚9

206 2499 234 2538 4
264 2501 362 2544 πῶς
394 2494 483 2550 (vel
515 2493 675 2550 οὕτως)
708 2494 813 2539 coni
843 2494 1007 2537 Iacobs
1038 2494 1153 2537 Lech
1186 2498 1267 2537 101
1301 2493 1399 2537 Rev
1431 2497 1456 2536 3
1581 2497 1636 2537 10
1666 2507 1777 2536 num

87 2559 404 2609 κατατρῖψαιὶ)
438 2555 487 2597 ai:
520 2553 576 2597 cf.
611 2554 671 2596 ad
703 2555 736 2597 t.
762 2553 825 2597 IV
860 2557 956 2606 125,
977 2558 1002 2595 9
1126 2558 1178 2596 11
1213 2551 1537 2608 ἀναστρέψατε
1565 2554 1613 2597 P
1639 2551 1722 2596 sed
1753 2566 1779 2594 σ

88 2612 215 2656 inser
275 2611 568 2668 ἀνατρέψατε
593 2614 687 2656 Ath
735 2614 741 2668 Ι
790 2613 901 2668 ὑμῖν
926 2613 1020 2656 Ath
1157 2616 1210 2654 12
1244 2611 1295 2655 δὲ
1319 2611 1502 2686 ‚inserui
1564 2625 1638 2655 om
1669 2609 1779 2653 libri

90 2671 180 2714 edd
325 2676 379 2714 14
412 2669 496 2716 οὖν
528 2679 690 2726 κρατεῖ
717 2671 882 2727 scripsi
915 2685 1019 2714 cum
1052 2670 1208 2715 Gasda
1282 2671 1336 2714 οὐ
1369 2677 1515 2728 κρατῇ
1547 2669 1657 2713 libri
1689 2669 1778 2713 edd

149 2728 209 2774 ἂν
249 2726 334 2774 οὖν
372 2737 518 2787 κρατῇ
556 2730 719 2774 Jacobs
750 2731 856 2773 Add
891 2734 974 2774 192
1013 2730 1127 2774 Lect
1160 2735 1241 2774 101
1276 2730 1372 2772 Rev
1404 2735 1430 2773 3
1509 2726 1593 2773 οὖν
1631 2735 1778 2784 κρατῇ

90 2789 218 2832 Anth
248 2789 334 2832 Pal
358 2789 422 2833 III
447 2794 529 2833 ‘141
656 2794 710 2832 15
742 2789 1022 2840 ἀπολαύσεις
1045 2790 1140 2833 Ath
1261 2787 1375 2844 18η
1399 2786 1445 2832 τί
1468 2789 1515 2832 Ρ
1630 2791 1687 2831 20
1709 2803 1779 2836 τις

90 2847 265 2891 inserui
298 2863 321 2892 e
346 2849 393 2891 P
450 2862 525 2892 om
549 2849 643 2892 Ath
677 2848 769 2891 edd
912 2852 967 2891 23
1000 2847 1203 2903 ζηλωτὴν
1232 2847 1421 2904 reposui
1453 2861 1478 2891 e
1508 2846 1642 2890 libris
1674 2860 1774 2890 cum

89 2905 300 2950 Iacobsio
330 2907 428 2951 Rev
460 2912 485 2950 3
518 2909 566 2951 et
598 2906 778 2951 Sinteni
840 2907 1038 2963 ζηλωτὸν
1070 2906 1161 2950 edd

1802 1051 1845 1083 10

1802 1495 1844 1528 15

1806 1940 1848 1972 20
