2010 3168
4 2838 15 2870 ἶῗ

10 2959 19 2986 ’ἐ

9 2996 18 3015 *2

540 112 1007 173 ATHENIENSIUM'
1037 128 1336 173 DEFENSIO
1715 130 1786 182 65

96 274 196 320 τοῦ
251 267 470 320 δικαίου
526 267 626 334 οὐχ
683 265 871 335 ἕτερον
919 263 1048 318 ἀνθ’
1106 264 1294 333 ἑτέρου
1343 266 1664 333 εἰσάγουσιν
1711 267 1789 328 εἰς

97 357 192 418 τὰς
246 356 425 423 δίκας,
480 352 597 408 ἀλλ’
645 355 794 416 ὅστις
846 355 1108 423 ἠδίκηκεν
1165 354 1441 422 ἀγώγιμός
1495 353 1610 407 ἐστι
1655 353 1780 422 παρ’

98 445 310 511 αὐτοῖς,
365 444 394 498 ὁ
449 442 497 496 δ’
556 444 720 506 αὐτὸς
774 442 864 495 καὶ
926 447 1286 513 κληρονομῶν
1347 451 1441 511 τῆς
1496 444 1686 505 αἰτίας.
1741 444 1790 496 εἰ

96 536 292 587 τοίνυν
346 534 709 586 Ποτιδαιᾶται
763 531 1014 601 ἀλλήλων
1068 531 1390 600 ἐγεύσαντο,
1445 531 1659 600 ἀσεβεῖς
1720 531 1790 584 ἂν

98 619 210 676 εἷεν
254 622 344 675 καὶ
390 623 656 689 προώλεις
702 621 952 674 ὀλέσειαν
999 621 1200 684 αὐτοὺς
1246 622 1299 674 οἱ
1346 623 1496 688 θεοί,
1551 622 1682 690 ἡμῖν
1728 621 1790 674 δὲ
1837 641 1856 674 ⁵

98 719 197 764 τοῦ
238 721 398 779 σφῶν
437 712 648 779 μύσους
679 718 950 764 τοσοῦτον
980 718 1222 778 μετεῖναι
1255 712 1423 777 δοκεῖ,
1464 710 1670 763 ὁπόσον
1701 708 1792 762 καὶ

101 809 218 863 τοῖς
258 801 317 852 ἐν
350 798 704 868 Ἐκβατάνοις
743 798 833 852 καὶ
878 800 1119 862 Σούσοις
1166 797 1255 852 καὶ
1303 804 1562 852 πλεῖστον
1608 800 1793 870 διῳκι-

102 889 325 958 σμένοις
363 889 559 942 αὐτῶν.

217 978 303 1030 24.
336 977 497 1030 Ἀλλ’
544 977 1017 1047 ἐπολιορκεῖτε,
1058 982 1248 1046 φασίν,
1289 978 1527 1040 αὐτοὺς
1565 977 1684 1030 κάν
1721 985 1792 1046 τῇ

100 1070 453 1138 πολιορκία
515 1074 706 1119 τοῦτο
771 1066 1145 1119 συνέπεσεν.
1201 1065 1634 1136 ἐπολιορκοῦμεν
1694 1063 1794 1133 μὲν
1821 1088 1863 1119 ιο

104 1152 207 1208 οὖν
246 1156 334 1208 καὶ
375 1156 519 1224 μάλα
559 1156 796 1218 δικαίως.
839 1155 1030 1225 ἐχθροὶ
1071 1156 1174 1225 γὰρ
1215 1151 1354 1223 ἦσαν
1400 1156 1489 1208 καὶ
1528 1155 1796 1222 πολέμιοι,

103 1248 212 1312 καί,
254 1246 435 1314 ὥσπερ
475 1245 661 1313 φίλοις
701 1241 863 1297 οὖσιν
901 1244 1210 1313 ὑπέστημεν
1249 1246 1433 1316 τρόπῳ
1472 1245 1636 1299 παντὶ
1666 1248 1796 1314 βοη-

104 1340 259 1400 θεῖν,
307 1333 481 1396 οὕτως
528 1335 606 1395 εἰς
654 1333 983 1386 τούναντίον
1030 1333 1382 1402 ἀποκριθεῖσι
1427 1339 1798 1400 πολεμοῦντες

108 1423 275 1476 οὐδὲν
315 1421 650 1489 ἐπράττομεν
689 1431 799 1474 τῶν
840 1422 1061 1475 ἀδίκων.
1102 1424 1150 1475 εἰ
1188 1420 1289 1489 μὲν
1321 1423 1425 1490 γὰρ
1458 1423 1630 1490 μηδὲν
1661 1422 1800 1491 ἡμᾶς

111 1511 404 1579 ἀδικήσασι
450 1512 590 1580 μηδὲ
634 1532 686 1563 τι
732 1514 904 1565 κακὸν
957 1511 1312 1580 διαθεμένοις
1364 1511 1616 1580 ἠράμεθα
1665 1512 1804 1581 πρὸς
1827 1531 1869 1565 15

107 1600 310 1662 αὐτοὺς
349 1602 606 1668 πόλεμον,
645 1597 715 1667 ἠν
755 1599 824 1652 ἂν
854 1608 1018 1653 τοῦτο
1051 1610 1370 1670 περιφανῶς
1403 1601 1622 1666 ἄδικον,
1662 1601 1800 1668 πρὸς

109 1689 206 1751 οὓς
245 1687 314 1757 ἠν
353 1689 485 1757 ἡμῖν
525 1686 693 1742 οὐδὲν
732 1690 1032 1758 διάφορον,
1081 1690 1400 1759 στρατεύειν
1446 1687 1663 1742 ἐθέλειν
1709 1687 1800 1741 καὶ

111 1777 289 1847 μάχην
322 1777 739 1846 ἀπροφάσιστον
772 1787 1059 1846 συνιστᾶν,
1099 1780 1192 1831 καί
1229 1798 1290 1846 γε
1323 1778 1470 1840 ὅστις
1505 1778 1641 1845 ἡμᾶς
1676 1778 1801 1831 τού-

107 1887 208 1920 του
241 1868 402 1935 χάριν
433 1871 672 1934 μετῆλθε
703 1868 1129 1936 τιμωρούμενος,
1163 1868 1479 1920 δικαιότατα
1510 1865 1635 1936 παρ’
1671 1867 1802 1935 ἡμῖν

109 1957 208 2023 ὐγε
247 1964 458 2023 κριταῖς
503 1956 726 2008 πάντων
772 1959 983 2025 μᾶλλον
1022 1954 1255 2025 ἔδρασεν
1294 1957 1386 2008 ἄν·
1428 1955 1545 2009 ἐπεὶ
1585 1954 1637 2026 δ’,
1681 1955 1802 2009 ατοὶ
1827 1976 1870 2008 20

110 2045 344 2113 μηδενὸς
383 2048 686 2106 καλοῦντος
723 2043 860 2113 μηδὲ
900 2045 1184 2112 βιάζοντος
1230 2046 1652 2112 προσήλθοσαν,
1693 2044 1804 2105 ,ι”κέ-

110 2149 325 2197 τευσαν,
366 2132 695 2201 ἐδεήθησαν,
735 2136 932 2202 ε”τυχον
963 2134 1117 2202 ἡμῶν
1157 2133 1292 2185 οἵων
1331 2133 1658 2202 ἠβούλοντο,
1700 2130 1805 2185 εἶτ’

113 2224 187 2284 εἰς
243 2221 582 2274 ἀποστασίαν
636 2215 789 2275 εἶδον
842 2230 1024 2274 πᾶσαν
1078 2223 1179 2290 τὴν
1231 2222 1355 2291 περὶ
1407 2222 1609 2284 αὐτοὺς
1645 2220 1804 2289 Ἀθη-

232 2359 264 2401 5,
291 2353 420 2396 Dem.
446 2368 490 2408 p.
512 2357 699 2406 332,22;
725 2356 862 2405 395,7
987 2357 1009 2394 7
1045 2352 1102 2396 cf.
1128 2367 1172 2408 p.
1200 2357 1270 2405 24,
1291 2357 1314 2395 9
1440 2357 1494 2396 13
1521 2351 1577 2395 cf.
1604 2367 1647 2408 p.
1669 2357 1804 2407 74,23

235 2477 287 2514 15
320 2470 587 2528 ἀδικήσασι]
623 2471 726 2514 ἀντὶ
759 2478 944 2527 γενικῆς
974 2471 1002 2527 ἡ
1036 2471 1196 2527 δοτικὴ
1235 2471 1447 2515 ἐνταῦθα
1482 2469 1585 2514 VL²

235 2595 259 2632 2
294 2587 416 2640 ὅστις
439 2616 496 2621 -
523 2593 548 2632 3
582 2589 740 2639 αὐτοῖς
772 2588 894 2632 inter
926 2588 1111 2632 Libanii
1150 2589 1276 2632 locos
1309 2588 1474 2632 laudat
1504 2588 1620 2631 Plan
1652 2587 1718 2631 fol
1751 2592 1806 2631 38

121 2655 123 2705 j
160 2648 288 2702 παρὰ
315 2656 412 2698 τοῖς
443 2656 622 2703 κριταῖς
654 2648 771 2691 Plan
799 2650 805 2702 Ι
834 2645 906 2692 δ’δ’
947 2649 990 2691 V
1106 2653 1128 2691 7
1162 2651 1376 2692 πλεῖστον
1409 2647 1575 2703 scripsi
1608 2660 1633 2690 e
1658 2647 1755 2690 LV

117 2711 305 2751 πλεῖστα
338 2707 475 2750 Schm
623 2711 674 2749 13
720 2707 786 2757 εἰς
816 2705 1093 2751 τούναντίον
1125 2708 1427 2760 ἀποκρυθεῖσι
1466 2706 1659 2764 respicit
1690 2706 1807 2749 Plan

118 2766 193 2809 1.1.
222 2765 416 2810 afferens
442 2764 574 2822 φίλος
607 2763 672 2809 ὢν
704 2766 764 2815 εἰς
800 2764 1076 2810 τουναντίον
1108 2764 1344 2821 ἀπεκρίθη
1469 2770 1523 2808 15
1557 2764 1807 2819 ἀδικήκασι

130 2826 173 2869 V
215 2828 221 2881 Ι
272 2825 333 2881 μὴ
365 2824 418 2870 δέ
454 2826 490 2867 V
616 2830 666 2866 21
704 2824 763 2880 μὴ
790 2825 840 2868 δὲ
869 2825 908 2867 V
1036 2830 1090 2868 22
1123 2825 1377 2883 ἠβούλοντο
1411 2825 1576 2880 scripsi
1609 2838 1633 2868 e
1658 2825 1756 2868 LV

119 2884 365 2941 ἐβούλοντο
399 2883 536 2927 Schm
681 2888 735 2927 23
769 2881 1057 2927 ἀποστασίαν
1089 2883 1254 2940 scripsi
1280 2899 1302 2926 e
1330 2885 1424 2927 LV
1454 2883 1544 2927 coll
1567 2898 1612 2938 p.
1642 2887 1711 2936 70,
1732 2888 1807 2935 173

122 2946 190 2998 73,
211 2948 262 2985 17
325 2941 583 2987 ἀπόστασιν
608 2943 746 2986 Schm

209 3025 405 3056 Lamnus
430 3024 486 3056 ed„
505 3025 739 3056 Foorster.
766 3025 831 3056 VI.
1428 3020 1452 3058 5
