2010 3168
569 109 1035 156 CORINTHIORUM
1069 109 1294 155 ORATIO
1706 111 1772 162 31

87 248 499 316 Ποτιδαιάταις,
539 246 676 300 ἀλλὰ
715 255 831 309 τοῖς
871 247 1066 308 αἰτίοις
1113 247 1213 315 τὴν
1261 245 1515 313 ἀσέβειαν
1555 247 1777 314 λογιζώ-

86 343 245 406 μεθα.
291 338 437 406 παρὰ
475 336 689 389 τούτων
727 337 831 404 γὰρ
877 335 966 388 καὶ
1008 335 1101 387 διὰ
1146 335 1379 398 τούτους
1416 339 1777 403 παρελθοῦσα

86 429 165 489 εἰς
202 427 302 495 τὴν
339 427 506 479 πόλιν
543 425 577 493 ἡ
615 425 783 492 μανία
823 423 1094 492 ἀγνοῆσαί
1135 442 1193 476 τε
1241 423 1511 492 ἀλλήλους
1558 423 1777 492 ἐποίησε

84 513 175 567 καὶ
228 515 294 566 τὰ
352 514 507 566 δεινὰ
558 520 731 565 ταῦτα
785 510 1198 581 ἐξεργάσασθαι.
1254 510 1287 580 ἢ
1337 521 1452 574 πῶς
1508 511 1775 565 ἐδύναντο

85 603 284 656 ἐκεῖνοι
332 610 715 670 σωφρονῆσαι,
764 604 890 654 τίνα
931 600 978 654 δ’
1025 601 1386 669 ἀποστροφὴν
1434 600 1620 670 εὑρεῖν
1665 610 1776 653 τῶν
1821 623 1842 654 5

82 700 268 746 κακῶν
307 690 722 762 φρουρούμενοι
751 691 852 757 μὲν
884 690 1060 752 οὕτως
1090 689 1344 759 ἀκριβῶς,
1380 687 1387 761 Ι
1423 689 1595 758 ὁρῶν-
1642 694 1761 738 RIV
1778 700 1864 738 363

83 800 169 844 τες
210 779 258 834 δ’
305 781 445 847 ὑμᾶς
484 781 904 847 περιεστηκότας
935 781 1267 848 φιλοπόνως,
1308 780 1403 841 τὰς
1434 787 1572 841 ναῦς
1611 778 1776 847 ἐφορ-

15 916 19 917 .
82 871 309 937 μούσας,
348 870 551 931 ἄλλους
583 867 663 921 ἐπ’
704 869 890 931 ἄλλοις
923 870 1262 938 στρατηγοὺς
1293 867 1575 934 πλέοντας,
1608 865 1775 920 οὐδὲν

83 969 193 1011 τῶν
233 959 311 1021 εἰς
350 961 625 1027 σωτηρίαν
656 959 958 1026 φερόντων,
997 957 1064 1010 τὰ
1102 957 1270 1010 ἔνδον
1301 957 1479 1009 πάντα
1512 955 1775 1024 ἐξανηλω-

82 1046 240 1116 μένα;
296 1049 476 1100 πόθεν
530 1042 633 1100 οὖν
688 1039 839 1115 εἶχον
890 1053 1191 1115 τραφῆναι;
1247 1045 1305 1098 ἐκ
1358 1053 1458 1098 τοῦ
1506 1046 1775 1115 οὐρανοῦ,
1800 1068 1841 1099 10

83 1136 254 1205 γέλως
290 1143 462 1189 ταῦτα
501 1134 592 1188 καὶ
631 1136 797 1204 χλεύη
835 1136 972 1204 πρὸς
1011 1127 1094 1198 οἷς
1131 1136 1480 1204 ἠτυχήκασιν.

194 1226 278 1278 38.
327 1223 480 1277 Ἀλλ’
524 1223 697 1292 ἐξῆν,
738 1236 893 1293 φησι,
939 1225 1357 1294 παραδοῦναι
1404 1225 1518 1292 τὴν
1567 1225 1774 1277 πόλιν.

81 1313 172 1367 καὶ
210 1315 315 1384 γὰρ
354 1322 519 1367 τοῦτο
560 1311 751 1382 ἐροῦσι
787 1314 1010 1382 σφόδρα
1049 1332 1108 1381 γε
1149 1315 1318 1380 λόγον
1358 1312 1610 1381 λέγοντες
1649 1317 1773 1382 φιλ·

83 1404 388 1472 ἄνθρωπον
416 1402 450 1471 ἢ
483 1402 722 1472 μέτριον.
763 1402 966 1456 οὑτωσὶ
1010 1400 1071 1455 δὲ
1104 1411 1369 1455 σκοπεῖτε.
1411 1403 1773 1455 Ποτιδαιᾶται

80 1493 315 1562 μάλιστα
359 1489 462 1560 μὲν
508 1494 558 1544 εί
597 1489 734 1561 [καὶ]
774 1499 869 1560 τῆς
914 1491 1236 1559 ἐλευθερίας
1276 1491 1598 1560 ἐπεθύμουν
1642 1510 1774 1560 πεμ-
1798 1512 1839 1546 15

83 1581 320 1651 φθέντες
359 1583 437 1644 εἰς
479 1577 703 1651 Θρᾴκην
744 1578 912 1634 οὐδὲν
950 1582 1278 1649 θαυμαστὸν
1316 1576 1410 1649 ἦν,
1457 1580 1595 1633 ἀλλὰ
1642 1594 1773 1647 συγ-

81 1672 269 1740 γνώμη
308 1673 496 1739 πολλή.
539 1669 744 1724 ἐκεῖνοί
778 1689 836 1723 τε
875 1671 980 1738 γὰρ
1013 1669 1206 1738 ἀήθεις
1238 1668 1439 1738 ἐτέρων
1470 1669 1773 1722 ὑπακούειν

83 1756 243 1814 οὗτοί
275 1779 334 1813 τε
371 1761 646 1830 ὑβρισταί.
684 1761 886 1822 πάντες
925 1756 973 1812 δ’
1021 1761 1073 1812 οἱ
1114 1760 1261 1829 παρὰ
1298 1760 1400 1826 τὴν
1446 1758 1603 1821 ἀξίαν
1644 1759 1772 1810 δου-

83 1850 337 1912 λεύοντες
374 1850 478 1902 κᾶν
518 1849 798 1902 ἀποστῶσι
836 1851 1220 1918 νεωτερίζουσι
1266 1847 1370 1900 κᾶν
1415 1847 1773 1909 δουλεύοντες

8 1998 14 2024 ,¹
82 1937 396 2007 ἀνέχωνται.
442 1937 532 1991 καὶ
582 1938 666 1991 ὅτι
712 1957 774 2007 γε
820 1946 1043 2007 πρᾶγμα
1090 1937 1233 1999 εἰκὸς
1281 1935 1508 1989 ἐποίουν
1554 1937 1633 1998 εἰς
1670 1936 1771 2003 τὴν
1796 1959 1838 1989 20

203 2151 223 2188 1
260 2143 316 2188 cf.
350 2146 382 2187 t.
407 2143 471 2187 111
496 2149 595 2198 214,
614 2148 639 2186 5
764 2148 818 2188 10
850 2142 979 2186 Dem.
1012 2158 1056 2199 p.
1084 2147 1154 2196 96,
1175 2147 1242 2186 16.
1277 2141 1333 2185 cf.
1367 2143 1400 2185 t.
1429 2140 1468 2183 V
1497 2155 1541 2197 p.
1568 2144 1639 2195 85,
1658 2144 1683 2182 6
1702 2154 1768 2196 sq.

203 2342 224 2380 1
249 2343 348 2386 τοῖς
372 2338 481 2380 ante
499 2336 838 2385 Ποτιδαιάταις
854 2336 917 2379 Μ
936 2335 1023 2378 edd
1090 2334 1239 2378 delevi
1267 2336 1273 2390 Ι
1301 2335 1587 2389 λογιζώμεθα
1605 2332 1771 2389 scripsi

82 2409 105 2439 θ
124 2395 351 2441 GrHVVi
412 2394 690 2451 λογιζόμεθα
716 2394 970 2439 MBMan
1000 2393 1088 2437 edd
1212 2398 1236 2435 2
1269 2394 1375 2447 περὶ
1401 2394 1457 2436 Vi
1579 2397 1602 2435 7
1629 2392 1768 2447 ἐφορ-

80 2455 256 2511 μούσας
282 2457 370 2499 Μα
401 2455 482 2498 sed
514 2471 571 2498 ov
609 2454 658 2497 in
694 2467 770 2497 ras
802 2453 872 2496 m³
948 2453 1221 2510 ἐφορμώσας
1253 2453 1365 2497 Viol
1486 2451 1599 2495 8045
1629 2467 1769 2495 τινων

81 2514 185 2557 coni
218 2514 319 2558 Mor
439 2518 464 2556 9
499 2513 787 2569 φαινόμενον
818 2511 891 2556 vel
922 2511 1075 2555 simile
1112 2512 1417 2568 parbicipium
1456 2512 1563 2567 post
1601 2508 1770 2566 φερόν-

79 2589 171 2617 των
202 2572 496 2617 inserendum
530 2572 634 2616 coni
666 2571 823 2615 Gasda
857 2574 863 2628 Ι
900 2570 1220 2627 ἐξανηλωμένα
1252 2570 1418 2627 scripsi
1443 2584 1467 2614 e
1494 2569 1773 2614 OrHVBVi

83 2632 228 2676 MaOl
287 2629 612 2688 ἐξαναλωμένα
637 2632 696 2675 Μ
725 2631 817 2675 edd
941 2635 994 2673 14
1027 2629 1075 2688 ἢ]
1104 2631 1184 2674 καὶ
1208 2630 1314 2674 coni
1338 2629 1495 2673 Gasda.
1521 2631 1527 2684 Ι
1555 2630 1635 2672 καὶ
1660 2631 1769 2672 ante

80 2690 266 2748 μέτριον
302 2691 426 2734 inser
458 2690 537 2735 Vi²
574 2692 580 2747 Ι
615 2692 723 2734 ante
755 2691 1068 2734 Ποτιδαιᾶται
1098 2688 1317 2732 lacunam
1347 2689 1568 2732 maiorem
1600 2686 1769 2731 statuit

81 2747 236 2793 Gasda
359 2754 412 2792 15
446 2750 525 2794 καὶ
557 2748 812 2793 cancellavi
943 2753 993 2791 17
1027 2748 1285 2792 ὑπακούειν
1317 2747 1483 2801 ἑτέρων
1510 2747 1673 2792 OrHV
1702 2747 1768 2789 Re

203 2814 255 2852 18
290 2809 344 2853 οὐ
376 2808 423 2853 τὲ
451 2811 540 2853 Ma
572 2810 651 2851 sed
686 2809 741 2852 οὐ
772 2808 822 2850 in
853 2803 984 2851 οὗτοι
1015 2821 1118 2851 corr
1141 2807 1210 2850 m⁸
1272 2807 1377 2850 οὔτε
1403 2806 1456 2851 01
1578 2810 1632 2850 19
1657 2803 1767 2862 κᾶν]

8 2875 11 2888 '
81 2865 224 2912 obn*
198 2884 259 2910 αν
285 2867 405 2912 GrH
410 2869 453 2912 V
485 2870 533 2911 et
570 2868 618 2910 in
657 2880 791 2924 marg
823 2866 902 2911 Vi*
950 2869 958 2921 1
1008 2868 1233 2911 ἀπιστῶσι
1256 2868 1318 2911 Μ
1346 2865 1448 2910 Mor
1522 2866 1768 2909 ἀπιστοῦσι

41 2943 43 2947 <
81 2926 187 2969 coni
219 2925 375 2970 Gauda
401 2929 408 2982 Ι
435 2926 775 2980 νεωτερίζοντες
800 2927 844 2969 Β
966 2929 1022 2969 20
1053 2926 1134 2968 καὶ
1166 2938 1240 2968 om
1271 2924 1340 2968 Re
1367 2926 1374 2980 Ι
1402 2939 1452 2980 γε
1483 2939 1559 2968 om
1585 2924 1629 2967 B
