2010 3168
613 103 956 148 ARCHIDAMI
987 103 1284 148 DEFENSIO
1686 105 1789 156 441

108 248 304 295 debeam
333 247 386 294 in
419 245 728 293 traducendis
756 245 911 305 yreeis
941 244 1145 304 scriptis,
1177 260 1244 292 an
1275 245 1433 293 adhuc
1471 245 1797 293 tantummodo

107 322 296 369 versari
325 322 379 368 in
410 321 477 367 eis
509 320 720 379 leyendis
751 321 795 366 et
822 318 1158 379 intelliqendis.
1173 314 1214 385 1)

223 394 425 443 Gratias
455 394 625 449 habeo,
667 395 764 441 viri
801 391 1136 448 lacedemonii,
1177 394 1294 441 Diis
1330 393 1684 441 immortalibus
1715 395 1799 453 qui

109 471 346 518 civitatem
376 470 704 516 servaverunt.
734 468 870 526 sique
892 468 1153 526 oportuerit
1183 482 1258 515 me
1279 482 1411 516 nunc
1437 483 1587 528 qrave
1611 468 1799 528 aliquid

105 544 225 603 pati,
256 557 356 590 non
385 542 579 590 verebor
601 542 891 602 periculum,
922 555 1073 600 neque
1102 557 1177 588 me
1198 542 1396 602 piqebit,
1427 543 1567 601 quod,
1598 556 1707 590 cum
1736 543 1800 590 sit

106 617 293 677 fiducia
338 616 675 664 lacedemonici
713 617 868 663 animi
909 617 1103 663 servata
1144 616 1274 671 urbi>
1297 618 1479 672 nostre,
1523 617 1673 664 bonus
1710 618 1799 664 iste

109 692 245 740 etatis
276 705 374 739 mee
407 692 656 738 accusator
686 690 915 738 ultionem
946 690 1161 748 beneficii
1193 691 1348 750 exiqit,
1373 705 1468 750 per
1507 691 1633 750 quod
1665 691 1797 738 benc-

107 766 273 825 ficium
302 779 433 813 nunc
463 765 610 812 datur
639 765 733 812 sibi
765 766 808 811 et
836 765 1102 812 accusandi
1133 767 1349 823 potestas
1389 767 1431 812 et
1466 765 1683 813 iudicum
1714 766 1797 813 tri-

110 840 260 888 bunal
292 842 334 887 et
355 840 487 887 locus
510 839 794 899 licentiaque
818 838 1021 894 dicendi,
1054 853 1144 899 que
1167 840 1333 887 omnia
1359 838 1595 887 libertatis
1625 853 1684 886 ac
1705 841 1796 887 rei-

100 915 295 975 publice
324 913 509 961 indicia
539 915 663 961 sunt.
713 912 766 960 Si
797 913 923 960 enim
953 913 1165 960 hostibus
1194 927 1273 960 res
1297 928 1353 961 ecc
1376 915 1539 961 animo
1572 915 1799 962 evenisset

109 989 257 1049 deque
286 1003 488 1036 mesana
519 1002 617 1048 qua
647 1002 777 1035 nunc
796 987 1068 1046 yloriamur
1092 987 1308 1035 thebanis
1331 987 1603 1035 iubentibus
1634 989 1798 1036 cessis-

107 1077 281 1118 semuS,
314 1062 440 1123 quod
471 1063 662 1122 quidem
691 1061 1035 1109 nonnullorum
1058 1061 1300 1110 voluntate
1320 1076 1447 1121 pene
1478 1062 1665 1118 accidit,
1695 1077 1798 1110 meo

110 1140 270 1185 autem
293 1137 490 1184 consilio
512 1136 936 1197 periculorumque
950 1136 1260 1195 providentia
1276 1136 1575 1196 prohibitum
1596 1137 1798 1193 videtur,

109 1211 186 1259 dic
215 1211 350 1266 mihi,
381 1211 498 1271 quid
530 1211 640 1258 boni
673 1211 918 1270 expectare
948 1211 1168 1258 licuisset.
1215 1209 1406 1258 Servirc
1437 1210 1798 1267 lacedemonios,

109 1299 136 1333 o
166 1285 372 1345 Iupiter,
402 1285 584 1333 servire
618 1285 835 1332 thebanis
872 1283 1112 1343 reliquum
1152 1287 1255 1332 erat
1282 1287 1397 1344 post
1424 1285 1574 1346 pylas
1614 1288 1656 1332 et
1684 1285 1796 1345 pla—

110 1361 235 1407 team
266 1362 307 1407 et
336 1360 490 1407 multa
522 1359 717 1419 trophea
750 1358 1083 1408 barbarorum.
1133 1358 1281 1406 Nunc
1311 1374 1419 1407 cum
1450 1359 1798 1419 turpitudinem

110 1433 327 1494 aliquam
356 1447 444 1481 nos
483 1448 653 1493 capere
691 1435 790 1480 etas
827 1446 936 1480 mea
972 1434 1171 1481 iuventa
1199 1433 1526 1493 prohibuerit,
1563 1434 1800 1481 simulant

108 1523 159 1556 se
196 1508 396 1567 quidam
434 1507 616 1567 leyibus
657 1507 910 1566 opitulari,
958 1521 1010 1554 re
1048 1511 1209 1555 autem
1246 1522 1362 1555 vera
1408 1508 1624 1555 thebanis
1660 1509 1798 1556 victis

109 1581 368 1631 condolent.
435 1581 647 1641 Cumque
693 1582 1016 1629 accusationis
1061 1596 1262 1629 eausam
1306 1582 1516 1629 habeant
1551 1582 1797 1630 honestam

108 1657 325 1717 facieque
362 1657 605 1711 decoram,
644 1656 883 1706 adiiciunt
919 1657 1104 1704 civitati
1140 1659 1300 1704 nostre
1337 1656 1544 1704 alterum
1582 1656 1795 1705 dedecus,

110 1730 250 1779 Dant
279 1731 404 1778 enim
434 1730 578 1790 facilc
606 1731 924 1790 suspitionem
950 1732 1127 1790 qrecis,
1169 1731 1212 1778 si
1244 1731 1326 1790 qui
1362 1731 1607 1790 suspicari
1636 1731 1795 1786 velint,

111 1794 454 1853 lacedemonios
486 1819 618 1861 casu,
647 1818 747 1852 non
776 1806 950 1853 virtute
973 1805 1156 1864 vicisse,
1188 1820 1296 1853 cum
1318 1805 1465 1852 iidem
1489 1804 1798 1852 lacedemonii

109 1893 222 1927 suos
262 1879 318 1926 de
356 1879 637 1938 fortitudine
679 1878 930 1939 damnent,
975 1879 1151 1927 scilicet
1187 1880 1347 1943 veriti,
1387 1892 1448 1926 ne
1484 1879 1686 1938 posthac
1723 1880 1797 1926 in-

110 1952 357 2001 commoda
380 1954 640 2012 patiantur
671 1953 984 2012 arbitratique
1007 1952 1334 2013 periculosam
1365 1967 1464 2001 esse
1486 1954 1540 2000 in
1561 1954 1797 2013 periculis

102 2028 534 2087 promptitudinem
566 2030 609 2074 ct
638 2027 949 2075 alacritatem.
999 2027 1160 2088 Quare
1191 2027 1336 2075 libere
1365 2042 1440 2075 me
1462 2042 1593 2075 nunc
1621 2029 1666 2075 si
1689 2029 1798 2088 quis

109 2102 222 2149 velit
251 2103 448 2148 accuset.
515 2100 638 2150 Cum
670 2102 798 2149 enim
826 2102 945 2148 mihi
982 2102 1124 2149 liceat
1159 2103 1453 2161 spartiatam
1488 2105 1653 2162 sponte
1689 2117 1796 2149 mea

111 2189 231 2230 esse,
280 2175 332 2222 id
377 2178 497 2223 certe
533 2175 748 2235 prodam
788 2190 1053 2235 nunquam.
1114 2175 1223 2236 EgJo
1269 2175 1460 2236 quidem
1503 2176 1796 2236 arbitrabar,

101 2252 361 2309 postquam
405 2250 564 2297 soluta
610 2253 763 2297 essent
807 2264 885 2304 ea,
933 2264 1022 2310 que
1066 2250 1204 2297 nobis
1242 2251 1449 2298 adversa
1489 2253 1531 2297 et
1567 2250 1796 2310 difficilia

109 2337 453 2383 sperassemus,
483 2325 647 2372 statim
669 2326 783 2384 post
813 2324 1059 2384 tropheum
1089 2322 1234 2380 illud,
1266 2324 1392 2385 quod
1423 2325 1597 2372 multos
1627 2323 1694 2371 ad
1723 2324 1794 2371 la-

232 2511 275 2566 1)
313 2507 587 2552 Protheoria
626 2508 777 2562 deest,
820 2508 942 2553 unde
978 2509 1174 2553 Bursam
1213 2509 1373 2554 codice
1419 2508 1529 2553 olim
1567 2508 1794 2552 Passavino

110 2582 234 2612 nunc
266 2567 519 2612 Bodleiano
552 2565 862 2612 Canoniciano
890 2583 957 2625 gr.
983 2573 1038 2612 41
1073 2569 1154 2624 qui
1186 2569 1330 2613 etiam
1362 2581 1508 2624 aeque
1540 2570 1683 2623 atque
1714 2567 1795 2610 ille

111 2626 296 2671 Libanii
319 2626 507 2671 nomine
538 2628 665 2671 caret
685 2641 821 2671 usum
845 2641 943 2672 esse
967 2628 1228 2685 suspiceris.
1278 2627 1361 2671 Cui
1386 2627 1679 2671 conieciurae
1702 2625 1795 2670 lec-

110 2686 262 2730 tiones
292 2686 424 2743 ipsae
457 2685 652 2739 codicis,
683 2700 798 2742 quae
829 2687 1019 2742 quidem
1048 2701 1132 2744 per
1162 2687 1455 2743 Poyntonum
1486 2685 1794 2742 cognoverim,

110 2759 203 2789 non
218 2746 497 2803 repugnant,
514 2744 671 2802 glossa
686 2758 792 2789 vero
810 2745 1110 2802 δικαστήριον
1134 2760 1273 2802 supra
1298 2759 1454 2790 vocem
1472 2747 1595 2803 βῆμα
1613 2746 1675 2801 (p.
1693 2749 1793 2799 445,

114 2806 184 2860 12)
210 2805 398 2861 scripta,
431 2818 537 2848 cum
561 2803 707 2847 Bursa
737 2805 943 2849 iudicum
966 2806 1173 2850 tribunal
1195 2805 1398 2858 verteriss,
1429 2806 1478 2848 et
1502 2804 1793 2847 coniecturae

111 2863 368 2919 praemissa
397 2862 599 2907 formula
630 2877 742 2916 „scon
774 2869 827 2909 ut
855 2864 1060 2910 videtur‘·
1093 2878 1234 2923 supra
1264 2864 1405 2909 verba
1435 2864 1589 2907 textus
1612 2862 1794 2922 positae

111 2922 477 2981 patrocinantur.
