2010 3168
552 121 979 168 DEMOSTHENIS
1010 121 1314 167 APOLOGIA
1670 124 1779 176 403

89 257 279 329 αχθεὶς
326 258 430 312 ἀπὸ
477 265 576 311 τοῦ
616 258 871 327 βήματος.
913 262 920 324 Ι
956 256 1042 328 ἐφ’
1091 250 1172 322 οἷς
1220 258 1248 312 ὁ
1289 255 1390 326 μὲν
1430 260 1599 329 δῆμος
1645 264 1867 309 RIV301

90 349 193 402 οὐκ
232 346 623 416 ἐνεκαλύψατο,
665 345 769 416 ἐγὼ
813 347 874 401 δὲ
911 349 1150 411 καταδὺς
1189 346 1422 420 ςόχόμην.

199 436 286 489 44.
331 434 491 505 Ὑμᾶς
535 432 637 505 μὲν
685 432 813 505 οὖν,
861 433 902 489 ὦ
951 437 1150 505 ἄνδρες
1200 434 1502 506 Ἀθηναῖοι,
1556 438 1781 490 πάντων

87 525 276 579 ἕνεκεν
316 524 540 593 ε’παινῶ,
587 523 678 578 καὶ
717 533 817 578 τοῦ
856 525 957 594 τὴν
997 524 1155 589 ἀξίαν
1193 524 1401 578 θέσθαι
1433 533 1625 594 ψῆφον
1654 525 1780 596 περὶ

87 623 200 667 τῶν
241 612 359 683 ἐμοὶ
399 613 876 684 πεπολιτευμένων
914 612 1005 667 καὶ
1044 622 1144 667 τοῦ
1183 614 1282 668 τὸν
1327 616 1524 684 καιρὸν
1563 614 1780 668 συνιέν-
1828 637 1846 669 5

89 724 183 766 τας
246 697 382 767 εἶξαι
444 701 534 756 καὶ
595 711 1002 774 παραχωρῆσαι·
1046 711 1120 775 τῷ
1184 704 1276 756 διὰ
1343 704 1566 757 πάντων
1624 704 1782 773 ὑμῶν

88 795 388 863 κρείττονι,
442 790 522 845 ἔτι
578 789 639 845 δὲ
684 793 856 862 <τοῦ>
893 800 968 865 τῷ
1017 792 1238 862 χάριτος
1292 791 1381 846 καὶ
1434 801 1592 862 τιμῆς
1646 793 1781 847 ἁπά-

88 895 186 950 σης
239 880 370 953 ἀξίῳ
428 879 498 934 δι’
547 880 746 950 ἀρετὴν
801 880 892 934 καὶ
948 883 1380 952 φιλανθρωπίαν
1434 884 1556 936 ὄντι
1608 881 1781 951 μηδὲν

88 970 390 1038 ἀντειπεῖν,
438 968 544 1038 ἐγὼ
593 971 653 1023 δὲ
699 969 1076 1040 ἀμαθέστατος
1103 964 1190 1024 ’ἄν
1236 991 1319 1034 τις
1371 971 1490 1040 εἴην
1544 970 1782 1039 ἐμαυτὸν

87 1058 179 1112 καὶ
227 1066 334 1112 νῦν
381 1058 617 1128 ἀγνοῶν.
664 1069 779 1122 τοῖς
826 1059 1037 1128 ἀτίμοις
1085 1060 1186 1113 οὐκ
1232 1057 1406 1125 ἔξεστι
1453 1059 1649 1128 λέγειν.
1700 1062 1782 1124 τίς
1806 1084 1849 1117 10

89 1144 192 1202 οὖν
231 1147 549 1218 ἀτιμότερος
587 1156 687 1202 τοῦ
726 1148 1227 1218 κατεψηφισμένον,
1267 1157 1367 1203 τοῦ
1405 1159 1522 1213 τοῖς
1562 1151 1781 1219 αἰτήσα-

90 1250 181 1290 σιν
242 1236 630 1304 έκδεδομένου;
691 1248 807 1301 τοῖς
869 1238 1094 1301 δούλοις
1164 1238 1265 1291 οὐκ
1335 1240 1450 1292 ἔστι
1519 1242 1782 1309 μετουσία

88 1328 380 1390 πολιτείας.
429 1325 565 1380 ἀλλὰ
612 1334 712 1380 τοῦ
764 1330 1043 1380 Φιλίππου
1093 1328 1295 1390 δοῦλός
1342 1329 1467 1397 εἰμι.
1514 1329 1604 1382 καὶ
1653 1330 1782 1382 δοῦ-

88 1420 183 1478 λος
220 1412 321 1482 μὲν
360 1414 440 1468 ὢν
480 1416 581 1469 οὐκ
621 1418 952 1486 αἰσχύνομαι
990 1417 1234 1485 μεγάλου
1282 1418 1554 1471 δεσπότου
1598 1420 1784 1481 πόλεις

88 1505 324 1574 μεγάλας
363 1503 707 1574 ὁμοδούλους
753 1508 891 1575 ἔχων
929 1505 1020 1559 καὶ
1060 1505 1174 1575 μετ’
1221 1504 1409 1560 ἐθνῶν
1456 1506 1603 1559 ὅλων
1647 1507 1782 1560 ὑπο-
1806 1530 1848 1563 15

88 1594 313 1647 κύπτων
367 1594 627 1665 δεσπότῃ,
683 1596 816 1663 μετὰ
870 1594 1214 1664 Χαλκιδέων,
1268 1596 1401 1663 μετὰ
1455 1592 1782 1663 Ὀλυνθίων,

87 1684 220 1750 μετὰ
279 1685 558 1753 Θηβαίων,
611 1685 745 1753 μετὰ
804 1687 1092 1738 Θετταλῶν
1144 1683 1235 1738 καὶ
1300 1682 1381 1738 ἔτι
1437 1687 1783 1756 κρειττόνων,

90 1771 396 1839 ὁμόδουλός
436 1774 546 1843 εἰμι
585 1781 681 1842 τῆς
706 1771 985 1842 Ἑλλάδος,
1024 1772 1143 1828 ἀλλ’
1183 1775 1326 1844 ὅμως
1357 1784 1468 1827 τῶν
1502 1773 1783 1843 ὑμετέρων

88 1863 275 1928 νόμων
315 1861 496 1931 ὥσπερ
538 1861 815 1916 ἐνυπνίων
853 1864 1196 1933 μνημονεύω.
1258 1863 1345 1916 45.
1384 1864 1483 1916 τὸν
1526 1859 1631 1917 οὗν
1670 1863 1782 1917 ἀτι-

87 1952 322 2021 μότερον
369 1951 719 2005 Πιτταλάκου
773 1950 864 2005 καὶ
913 1953 1199 2006 Μακεδόνι
1254 1951 1650 2023 κεχαρισμένον
1697 1953 1783 2005 δε·
1807 1975 1849 2007 20

208 2100 264 2139 20
298 2095 353 2140 cf.
379 2097 412 2140 t.
430 2096 494 2141 IV
513 2102 640 2151 1124,
659 2097 786 2141 35R.
819 2098 918 2143 Lib.
937 2099 1132 2155 hypoth.
1158 2099 1287 2143 Dem.
1305 2114 1350 2155 p.
1371 2103 1470 2155 334,
1490 2103 1528 2142 6.
1562 2098 1779 2143 Aeschin.

90 2154 207 2200 Tim.
241 2160 266 2209 ξ
292 2160 348 2199 54
366 2170 432 2212 sq.
469 2155 599 2200 Dem.
629 2131 735 2201 'fals
770 2157 860 2215 leg.
894 2162 918 2211 ξ
944 2162 1030 2201 245
1062 2173 1106 2215 p.
1133 2163 1233 2211 417,
1253 2163 1306 2202 21

212 2295 234 2334 1
268 2291 424 2348 βωμοῦ
458 2289 562 2334 coni
594 2290 695 2334 Mor
815 2297 840 2334 2
873 2291 1200 2347 ἀνεκαλκύψατο
1224 2294 1270 2337 Ρ
1296 2291 1398 2336 Mor
1518 2296 1544 2334 4
1576 2292 1681 2347 περὶ
1707 2305 1780 2335 om

91 2349 194 2394 HV
310 2356 336 2393 5
367 2357 459 2394 τῶν
486 2351 531 2394 Ρ
557 2349 638 2393 sed
671 2363 696 2394 e
726 2349 784 2394 τὰ
817 2365 920 2395 corr
949 2350 1019 2394 m²
1054 2353 1060 2407 Ι
1094 2351 1176 2396 τὸν
1208 2351 1374 2406 καιρὸν
1406 2350 1571 2408 scripsi
1604 2364 1659 2394 ex
1683 2352 1789 2395 HV

98 2409 407 2453 VaBParMa
482 2415 573 2452 τῶν
612 2417 789 2465 καιρῶν
813 2411 859 2454 Ρ
887 2410 977 2454 edd
1027 2421 1033 2466 1
1084 2409 1306 2461 συνέντας
1331 2411 1376 2453 Ρ
1402 2410 1504 2454 Mor
1647 2415 1672 2453 6
1713 2407 1776 2454 δι’

93 2467 222 2524 ὑμῶν
254 2467 478 2513 ἁπάντων
505 2469 593 2512 Μα
716 2474 739 2512 7
773 2469 866 2514 ἔστι
892 2471 938 2514 Ρ
965 2470 1066 2514 Mor
1107 2472 1113 2527 Ι
1156 2469 1207 2515 δὲ
1238 2470 1364 2514 inser
1388 2469 1500 2513 Μετ’ι
1541 2471 1547 2525 Ι
1596 2476 1678 2513 τοῦ
1710 2469 1781 2512 in-

44 2555 46 2558 v
91 2527 214 2571 serui
290 2541 364 2571 om
403 2526 512 2571 libri
554 2527 645 2571 edd
684 2528 765 2571 sed
805 2528 883 2572 καὶ
922 2529 1219 2573 inserendum
1253 2530 1358 2573 coni
1389 2529 1456 2572 Re
1507 2531 1512 2586 Ι
1561 2534 1642 2583 τῆς
1673 2530 1782 2571 anbe

91 2585 277 2643 χάριτος
302 2586 406 2630 HV
544 2590 570 2629 8
613 2585 765 2644 πάσης
803 2588 882 2631 καὶ
916 2593 1050 2644 τιμῆς
1074 2590 1173 2633 Par
1221 2587 1227 2646 Ι
1277 2586 1390 2641 ἀξίω
1422 2587 1574 2643 πάσης
1606 2587 1722 2631 VaB
1773 2586 1778 2645 Ι

93 2644 276 2701 ἁπάσης
299 2659 374 2689 om
401 2646 489 2690 Ma
516 2646 523 2701 Ι
551 2645 719 2703 ἀρετὴν
746 2648 792 2691 Ρ
810 2646 935 2690 sed
917 2664 975 2703 ην
1000 2661 1056 2691 ex
1080 2653 1136 2703 ῆς
1160 2661 1261 2691 corr
1283 2647 1353 2691 ιη’
1381 2648 1386 2703 Ι
1415 2643 1782 2703 φιλανθρωπίαν

91 2705 138 2748 Ρ
164 2705 245 2748 sed
277 2721 335 2747 αν
366 2704 416 2747 in
439 2718 515 2748 ras
539 2704 609 2748 m'
731 2710 784 2749 13
817 2705 932 2750 ἀλλὰ
956 2706 1121 2762 scripsi
1182 2705 1296 2778 ἀλλᾲ
1327 2706 1408 2750 καὶ
1438 2705 1548 2749 libri
1581 2705 1670 2748 edd
1700 2704 1781 2747 sed

95 2769 221 2836 „post
249 2762 482 2814 πολιτείας
519 2764 664 2808 deesse
701 2765 881 2810 videtur
920 2765 1005 2821 ἐγὼ
1039 2764 1091 2810 δὲ
1131 2765 1185 2810 οὐ
1227 2763 1373 2821 μόνον
1401 2770 1503 2820 τῆς
1514 2763 1678 2822 τύχης“
1714 2763 1781 2807 Re

99 2820 197 2866 ἀλλ’
226 2823 313 2877 ἐγὼ
338 2823 498 2866 Iacobs
523 2822 636 2867 Lech
661 2827 744 2867 108
769 2823 867 2868 Rev
891 2829 917 2870 5
1042 2829 1095 2868 14
1128 2841 1193 2867 ων
1217 2838 1292 2868 om
1319 2825 1435 2869 VaB
1558 2828 1611 2866 15
1644 2821 1782 2879 μεγά-

92 2882 174 2931 λας
203 2879 358 2932 πόλεις
385 2883 473 2926 Μα
514 2885 520 2937 Ι
563 2882 779 2927 εὐθύνων
804 2884 910 2927 HV
945 2885 951 2940 Ι
997 2883 1249 2927 ὑποκύπτω
1274 2885 1320 2928 Ρ
1347 2883 1449 2927 Mor
1571 2886 1626 2924 18
1660 2878 1783 2932 ὅπως

93 2940 192 2983 Par
313 2945 366 2984 19
399 2938 652 2997 ἀντίμορον
675 2941 731 2984 Η
787 2939 1010 2999 ἀτίμορον
1044 2943 1087 2986 V

1339 3015 1426 3057 26*
