2010 3168
221 127 328 181 246
622 127 889 186 [LIBANII]
922 126 1313 172 DECLAMATIO
1345 127 1496 172 XVIII

219 265 423 333 χρόνον
461 261 551 316 καὶ
591 264 726 316 κατὰ
765 261 940 332 μηδέν
977 282 1030 316 τι
1067 271 1188 326 ταῖς
1219 261 1482 332 Ἀθήναις
1519 265 1814 334 προσήκων
1852 263 1913 317 έν

219 360 333 415 τοῖς
373 350 761 414 εὐνουστάτοις
799 350 890 405 καὶ
930 361 1044 414 τοῖς
1077 352 1486 419 εὐγενεστάτοις
1523 361 1634 405 τῶν
1671 340 1913 406 πολιτῶν

219 439 479 510 ἐκρίνετο.
527 440 771 509 ὠδύρετο
817 440 1038 503 Φωκέας
1084 439 1113 493 6
1154 438 1331 509 ξένος,
1378 442 1559 493 ἔκλαιε
1605 441 1666 495 τὸ
1714 444 1914 494 Χαλκι-

220 528 362 582 δέων
415 528 576 596 γένος
623 529 651 582 6
699 530 772 598 μὴ
819 532 1068 598 πολίτης,
1124 527 1299 598 ἐμίσει
1350 532 1631 582 Φίλιππον
1678 528 1707 582 6
1756 529 1911 583 ἀλλό-

175 638 194 670 5
220 637 386 686 τριος,
425 615 566 687 ὑπὲρ
598 616 915 687 Ἀθηναίων
954 619 1027 680 ὠς
1051 614 1348 686 Ἀθηναῖος
1387 615 1747 671 ἐπολιτεύετο.
1788 617 1906 671 ἀλλ’

218 706 443 774 ἤλεγξεν
490 707 660 760 αὐτὸν
710 706 871 771 ξένον
917 709 1051 760 ὄντα
1105 708 1392 768 Φίλιππος’.
1441 708 1494 760 οἱ
1534 714 1676 775 γοῦν
1721 705 1912 777 ἐκείνῳ

219 797 563 864 χαριζόμενοι
616 802 868 863 παρῆγον
921 795 1091 849 αὐτὸν
1153 796 1230 858 εἰς
1287 796 1347 848 τὸ
1404 796 1760 865 δικαστήριον
1819 794 1912 849 καὶ

219 885 517 955 ἄνθρωπος
554 884 817 947 πολλάκις
855 883 1307 953 ἐστεφανωμένος
1346 873 1541 954 ἀρετῆς
1570 883 1662 937 καὶ
1693 885 1914 947 εὐνοίας

219 971 404 1026 ἕνεκεν
444 973 689 1042 ἐκρίνετο
728 971 819 1026 καὶ
858 973 1125 1042 ἡλίσκετο.
1173 971 1263 1025 καὶ
1304 972 1333 1025 6
1372 975 1644 1042 πρότερον
1682 974 1912 1026 δουλεύ-

151 1083 194 1115 10
219 1082 380 1124 οντας
416 1064 724 1124 Θετταλοὺς
763 1062 852 1114 καὶ
883 1062 987 1129 τὴν
1022 1059 1247 1132 Θρᾴκην
1278 1061 1617 1131 ὀδυρόμενος
1650 1063 1914 1125 πολλάκις

217 1157 325 1217 νξῦν
365 1151 566 1213 δοῦλός
605 1149 733 1203 ε’στι.
781 1149 830 1202 5.
870 1149 962 1203 καὶ
1001 1149 1336 1218 δουλευέτω,
1376 1148 1493 1203 ἀλλ’
1541 1149 1601 1203 ἐν
1633 1148 1913 1219 Ἀθήναις,
1983 1186 1986 1189 -

218 1237 333 1292 ἀλλ’
393 1238 615 1307 ἐνθάδε,
669 1238 799 1308 παρ’
853 1231 936 1301 οἷς
989 1238 1388 1307 κατέγνωσται,
1443 1238 1750 1292 δουλευέτω
1796 1249 1913 1302 τοῖς

218 1329 525 1395 δικασταῖς,
587 1338 703 1390 τοῖς
755 1335 1123 1398 μαρτυροῦσι,
1177 1335 1293 1390 τοῖς
1345 1326 1739 1396 γραψαμένοις,
1797 1336 1914 1391 τοῖς

217 1417 672 1487 κατηγορήσασιν.
721 1417 950 1485 ἠδίκησε
996 1417 1094 1469 τὸν
1140 1418 1318 1484 δῆμον
1365 1418 1443 1478 εἰς
1489 1417 1591 1484 τὴν
1627 1420 1913 1469 πολιτείαν

151 1525 192 1558 15
219 1503 527 1573 ἐγγραφείς.
576 1505 605 1558 ὁ
647 1506 817 1573 δῆμος
863 1500 966 1558 οὐν
1009 1502 1147 1558 ἔστω
1195 1505 1409 1575 κύριος,
1463 1506 1521 1557 οἱ
1569 1507 1913 1568 πεπονθότες

219 1596 462 1646 ἔστωσαν
501 1594 761 1646 δεσπόται
800 1601 900 1647 τοῦ
942 1595 1204 1663 σώματος.
1243 1597 1302 1646 τί
1334 1594 1432 1646 τὸν
1463 1594 1656 1647 κοινὸν
1695 1593 1912 1662 οἰκέτην

217 1682 579 1750 ὑπερορίζεις;
961 1676 965 1680 ’
1105 1748 1109 1752 .

329 1772 376 1823 6.
417 1774 720 1839 Εἴρηται,
760 1773 915 1839 φησί,
953 1771 1352 1840 πιπράσκειν
1391 1772 1504 1824 τὸν
1544 1778 1657 1839 τῆς
1697 1770 1910 1835 ξενίας

218 1858 473 1913 ἁλόντα.
528 1857 635 1912 καὶ
693 1860 1019 1922 Φίλιππός
1082 1859 1261 1912 ἐστιν
1323 1859 1582 1928 ὠνητής.
1640 1861 1911 1929 πρότερον

150 1968 192 2000 20
217 1947 317 2016 μὲν
363 1948 492 2017 γάρ,
542 1947 615 2010 ὡς
660 1945 866 2016 ἔοικεν,
916 1948 1110 2001 ὠνεῖτο
1149 1949 1244 2011 τὰς
1282 1950 1493 2016 πόλεις,
1543 1949 1672 2002 νυνὶ
1719 1944 1780 2000 δὲ
1818 1947 1909 2001 καὶ

127 2040 247 2084 RIV
265 2044 350 2084 325
397 2038 527 2098 τοὺς
583 2035 590 2105 Ι
648 2037 1024 2105 δημαγωγούς.
1081 2035 1186 2105 ἐγὼ
1242 2034 1292 2089 δ’
1347 2030 1472 2089 οἶδα
1517 2037 1725 2098 πάντας
1780 2038 1910 2099 τοὺς

217 2123 583 2193 ἀδικήσαντας
634 2124 881 2178 ἐνταῦθα
927 2126 1029 2193 τὴν
1075 2129 1341 2195 τιμωρίαν
1386 2123 1765 2193 ὑπομένοντας
1816 2122 1908 2177 καὶ

338 2274 359 2311 1
395 2269 451 2312 cf.
484 2285 528 2326 p.
557 2274 656 2324 253,
676 2274 731 2313 14
854 2274 878 2312 3
903 2270 1034 2314 Dem.
1058 2269 1163 2313 fals.
1188 2269 1278 2325 leg.
1296 2285 1340 2326 p.
1357 2274 1523 2324 357,22
1535 2283 1601 2324 sq.
1726 2274 1749 2312 7
1776 2269 1906 2314 Dem.

217 2327 419 2385 Aristog.
443 2329 486 2371 H
516 2344 561 2385 p.
588 2334 689 2383 805,
710 2334 763 2373 14
888 2335 942 2373 14
975 2328 1032 2373 cf.
1064 2344 1110 2385 p.
1137 2334 1236 2383 255,
1256 2334 1296 2372 4.
1328 2328 1443 2372 Xen.
1477 2328 1593 2371 fleu.
1619 2328 1641 2371 I
1675 2333 1713 2383 7,
1731 2334 1788 2373 20

338 2466 360 2503 1
394 2460 659 2517 καταμηδέν
695 2463 762 2506 Va
884 2467 909 2504 3
942 2461 1153 2516 ὠδύρατο
1189 2462 1396 2505 VaBMa
1525 2466 1550 2503 6
1584 2459 1671 2517 γὰρ
1700 2462 1788 2504 Ma

218 2525 242 2562 9
276 2517 432 2572 ξενίας
457 2522 564 2563 ante
590 2518 795 2574 ἐκρίνετο
822 2522 911 2565 Ma
939 2523 944 2577 Ι
972 2520 1205 2564 δουλεύων
1229 2520 1336 2570 τοὺς
1355 2521 1444 2564 Ma
1566 2524 1617 2562 11
1652 2518 1904 2564 δουλευέτω

218 2604 272 2610 -
301 2583 355 2621 12
387 2576 501 2633 παρ’
539 2592 614 2622 om
639 2580 714 2623 La
837 2584 890 2622 12
924 2575 1012 2637 οἶς]
1045 2579 1100 2622 οὐ
1125 2580 1201 2623 La
1323 2583 1375 2621 13
1407 2585 1504 2629 τοῖς
1535 2578 1905 2634 κατηγορήσασιν

217 2636 445 2681 delenda?
568 2642 622 2680 14
655 2637 1024 2694 κατηγορήσασιν
1047 2639 1091 2682 L
1124 2637 1205 2680 sed
1237 2638 1371 2692 η’σασι
1403 2638 1452 2680 in
1479 2650 1555 2680 ras
1578 2638 1648 2679 m²
1708 2654 1906 2694 κατηγο-

218 2702 378 2749 ροῦσιν
405 2697 519 2741 VaB
665 2701 716 2739 17
756 2695 1028 2752 περιορίζεις
1053 2697 1139 2740 Ma
1178 2697 1259 2740 sed
1292 2714 1345 2752 γρ
1378 2693 1659 2751 ὑπερορίζεις
1690 2710 1906 2753 suprascr

217 2753 287 2797 {11²
408 2759 463 2799 18
496 2753 648 2810 εἴρηκε
682 2756 751 2799 Va
784 2756 865 2799 sed
897 2773 950 2811 γρ
984 2755 1161 2811 εἴρηται
1195 2756 1243 2798 in
1283 2769 1417 2811 marg
1446 2754 1529 2806 m’,
1557 2756 1645 2798 Ma
1672 2757 1678 2810 Ι
1707 2754 1730 2798 ὁ
1763 2753 1906 2811 νόμος

217 2816 326 2857 ante
348 2814 431 2858 τὸν
458 2814 547 2858 Μα
574 2816 580 2868 Ι
606 2819 687 2869 τῆς
712 2828 787 2858 0111
811 2816 886 2859 La
920 2816 966 2858 eb
997 2814 1240 2858 delendum
1277 2814 1381 2857 coni
1405 2814 1472 2858 Re
1501 2815 1551 2856 ab
1575 2813 1631 2856 cf.
1657 2829 1700 2869 p.
1729 2818 1828 2869 254,
1849 2819 1903 2857 15

243 2929 268 2972 f
335 2877 391 2916 20
422 2888 535 2916 num
561 2873 742 2917 ἐωνεῖτο
768 2873 1076 2924 scribendum,
1101 2874 1155 2915 ut
1178 2889 1222 2929 p.
1250 2878 1348 2926 260,
1369 2878 1446 2926 12ς
1477 2874 1509 2915 t.
1527 2872 1591 2915 IV
1616 2875 1813 2927 380‚14‘3
1854 2874 1904 2915 at

218 2944 241 2972 o
266 2965 274 2973 .
299 2946 344 2986 p.
361 2936 496 2985 260,7
