2010 3168
236 115 344 168 506
672 115 898 159 LIBANII
927 115 1316 160 DECLAMATIO
1348 117 1498 161 XXVI

236 263 338 305 τοῦ
385 254 567 305 αὐτοῦ
615 255 891 321 λιβανίου
946 253 1077 321 περὶ
1132 255 1426 306 δυσκόλου
1473 255 1709 323 ἀνδρὸς,
1765 256 1924 318 ὅστις

236 329 425 395 γήμας
463 330 932 395 λάλονγυναῖκα
971 328 1183 380 ἑαυτὸν
1222 329 1642 397 προσαγγέλλει
1673 347 1828 395 usque
1861 333 1923 380 ad

236 404 388 452 verba
433 421 480 466 p.
516 405 638 466 536,
666 406 733 453 10
780 404 911 463 τίνος
950 403 1132 470 πατρός
1173 420 1283 452 cum
1329 407 1552 454 versione
1598 405 1923 455 interlineari.

346 478 557 541 Inspexi.

349 626 423 673 Ex
453 627 530 674 his
563 642 687 689 quos
717 628 771 674 in
803 642 1002 676 censum
1034 627 1279 676 vocandos
1320 643 1423 676 esse
1462 628 1580 676 duxi
1618 628 1808 677 codices
1839 644 1923 676 no-

236 716 348 749 vem
375 699 674 749 OrHVCLa
686 698 745 748 Vi
756 701 944 750 VaBCl
973 717 1141 750 rursus
1171 703 1225 749 in
1257 702 1378 751 duas
1403 702 1663 750 discedunt
1691 703 1925 764 familias,

239 790 447 836 quarum
486 776 624 837 prior
662 775 910 824 codicibus
947 775 1246 825 GrHVC‘La
1259 777 1319 824 Va·
1332 777 1426 838 Va,
1474 777 1631 825 altera
1677 776 1925 826 codicibus

235 849 350 898 Boc
397 850 677 898 continetur
722 849 795 897 ita
841 852 1008 898 tamen
1054 852 1111 898 ut
1153 851 1203 898 B
1248 850 1328 898 hic
1378 866 1576 912 quoque
1628 852 1925 900 recensionis

236 923 420 971 mixtae
450 924 664 988 vestigia
694 940 813 987 prae
845 939 896 972 se
928 924 1068 972 ferat.
1130 924 1297 986 Atque
1328 924 1381 972 in
1412 925 1694 973 universum
1726 925 1927 987 quidem

237 998 318 1045 hic
350 1013 546 1059 quoque
577 999 714 1060 prior
743 998 937 1047 familia
969 999 1177 1046 alteram
1207 998 1302 1047 fide
1334 1001 1548 1061 superat.

348 1072 498 1120 Ratio
522 1088 638 1121 vero
660 1089 786 1135 quae
810 1072 940 1121 inter
964 1074 1186 1136 singulos
1211 1073 1399 1122 codices
1424 1075 1682 1136 utriusque
1706 1073 1927 1121 familiae

236 1146 500 1195 intercedit
529 1146 650 1195 haec
683 1148 771 1195 est.
832 1146 977 1196 Prior
1006 1147 1200 1196 familia
1231 1141 1306 1214 (b)
1340 1147 1462 1195 duas
1495 1148 1599 1212 egit
1628 1148 1926 1212 propagines

237 1221 270 1268 d
302 1223 351 1268 et
382 1234 426 1282 e,
459 1236 670 1283 quarum
700 1223 836 1284 prior
875 1218 1055 1270 iterum
1094 1222 1358 1284 dispertita
1389 1222 1554 1270 codice
1590 1220 1656 1270 Gr
1687 1223 1736 1270 et
1768 1237 1926 1269 exem-

238 1294 368 1357 plari
393 1288 468 1360 (f)
502 1297 750 1345 communi
781 1295 1006 1345 codicum
1030 1297 1091 1344 H
1097 1296 1193 1356 VO,
1226 1297 1384 1344 altera
1409 1289 1482 1363 (e)
1508 1295 1777 1358 exemplari
1800 1311 1927 1344 com-

237 1368 376 1415 muni
408 1362 483 1436 (9)
517 1370 740 1418 codicum
770 1371 852 1418 La
865 1371 924 1420 Vi
955 1372 1005 1418 et
1036 1371 1201 1419 codice
1241 1371 1316 1419 Va
1351 1370 1644 1418 continetur.
1706 1369 1927 1418 Alterius

238 1442 459 1491 familiae
492 1443 681 1492 codices
712 1445 763 1492 B
796 1446 845 1492 et
879 1444 936 1493 C'l
968 1444 1030 1493 ad
1060 1445 1192 1493 idem
1222 1444 1430 1493 redeunt
1461 1444 1710 1507 exemplar
1734 1437 1820 1510 (c),
1855 1443 1927 1491 ita

237 1518 404 1564 tamen
428 1519 486 1564 ut
507 1517 558 1565 B
584 1518 736 1566 etiam
758 1521 860 1567 vim
885 1519 1065 1567 codicis
1088 1519 1377 1582 propaginis
1403 1520 1445 1580 b,
1469 1520 1512 1567 si
1533 1534 1633 1566 non
1659 1519 1733 1567 Va
1755 1517 1928 1581 ipsius,

237 1594 368 1639 certe
401 1592 582 1640 codicis
614 1608 725 1640 cum
755 1593 848 1641 hoc
880 1595 1080 1657 cognati
1092 1587 1132 1660 ¹)
1166 1595 1395 1655 expertus
1429 1593 1504 1640 sit.

340 1664 479 1721 Quod
511 1682 612 1715 uno
645 1669 911 1730 conspectu
941 1668 1034 1716 hoc
1064 1667 1159 1715 tibi
1189 1667 1360 1715 reddet
1392 1669 1623 1716 stemma:

239 2933 293 2975 14
348 2870 560 2975 51380541».
587 2874 747 2925 511‚1;
781 2856 968 2926 512,'12;
1002 2874 1191 2925 526‚12;
1223 2875 1412 2927 540‚12;
1445 2874 1603 2927 512‚5;
1635 2873 1793 2927 514‚3;
1818 2874 1920 2926 516,
