2010 3168
192 86 262 140 82
383 86 674 135 GREGORH
705 86 918 131 CYPRII‘
935 87 1402 137 ATHENIENSIUM
1433 87 1730 133 DEFENSIO

190 243 282 276 ναι
335 225 619 293 πρόφασιν
674 222 761 276 ἐπὶ
818 224 916 276 τὸν
975 225 1218 292 πόλεμον
1286 223 1549 292 οὐδεμίαν
1614 226 1879 293 βουλόμε-

190 333 279 366 νοι
317 310 626 381 ἠξιώσαμεν
664 310 753 364 ἐπὶ
792 320 908 374 τοῖς
952 316 1418 381 κατηγορηθεῖσιν
1465 310 1880 380 ἀπολογεῖσθαι.

191 402 379 471 εἰρήνῃ
420 401 524 468 γὰρ
566 401 735 453 καλὸν
775 401 867 463 τὰς
907 399 968 454 ἐν
1011 399 1144 468 ἡμῖν
1189 401 1644 470 παραπιπτούσας
1683 402 1878 471 διαφο-

191 490 289 559 ρὰς
340 490 430 542 καὶ
486 489 552 541 οὐ
607 497 721 552 τοῖς
773 489 963 552 ὅπλοις
1015 489 1305 558 ἡγούμεθα
1352 490 1754 560 διακρίνεσθαι.
1809 487 1877 543 οὗ

144 599 164 632 5
188 578 352 646 χάριν
396 578 487 631 καὶ
532 579 669 647 πρὸς
715 578 974 631 τουτουσὶ
1017 581 1361 646 Κορινθίους
1406 577 1496 631 καὶ
1542 587 1653 631 τῶν
1692 576 1878 648 Ἑλλή-

188 687 302 719 νων
347 668 477 728 τοὺς
527 667 745 734 ἄλλους,
793 673 848 720 εῖῖ
893 686 975 730 τις
1015 665 1266 734 ἐγκαλεῖν
1315 669 1430 736 ἔχοι
1477 667 1550 729 ὡς
1588 666 1877 735 Ἀθηναῖοι

185 754 621 823 προσέκρουσαν,
660 755 938 825 πάρεσμεν
970 757 1137 824 λόγον
1169 756 1366 808 δοῦναι
1398 754 1490 808 καὶ
1522 756 1658 826 ἅπερ
1692 756 1878 808 δίκαια

185 847 436 912 πληροῦν
476 842 695 897 ἐθέλειν
734 843 956 916 ἑκάστῳ.
1012 842 1082 898 ἂν
1122 843 1187 897 δέ
1219 862 1329 897 που
1375 846 1448 913 μὴ
1489 851 1688 898 τοῦτον
1727 847 1877 915 φήσῃ

186 952 267 995 τις
304 932 403 985 τὸν
440 935 672 1001 τρόπον,
724 933 861 986 ἀλλὰ
900 941 1014 996 τοῖς
1061 932 1252 995 ὅπλοις
1298 934 1400 1001 τὴν
1446 933 1724 1003 διάκρισιν
1764 933 1877 987 ε’πι-

121 1044 163 1076 ιο
186 1019 380 1091 τρέπῃ,
434 1021 717 1091 ὀδυνηρὸν
767 1019 870 1089 μὲν
924 1030 989 1092 τῇ
1045 1021 1281 1092 ἀληθείᾳ
1331 1020 1490 1075 τοῦθ’
1544 1021 1676 1091 ἡμῖν
1731 1021 1876 1086 δόξει

185 1107 274 1162 καὶ
315 1109 556 1163 ἐλεεινὸν
594 1109 898 1179 θεωμένοις
938 1104 997 1164 οἶ
1029 1118 1201 1164 κακοῦ
1233 1111 1300 1163 τὰ
1330 1118 1426 1178 τῆς
1457 1108 1718 1174 Ἑλλάδος
1749 1111 1887 1180 ἀφι’-’

186 1196 331 1261 ξεται
377 1199 689 1269 πράγματα,
739 1201 883 1268 πλὴν
921 1199 1353 1267 ἀπαντησόμεθα
1399 1200 1488 1253 καὶ
1535 1198 1691 1253 αὐτοὶ
1738 1199 1871 1269 μεθ’

185 1288 372 1341 ὅπλων
409 1290 584 1341 πολλὰ
623 1297 719 1356 τῆς
758 1291 835 1351 εἰς
868 1287 1016 1342 τοῦτ’
1056 1288 1297 1356 ἀνάγκης
1327 1291 1457 1350 τοὺς
1488 1287 1726 1358 ἐφόρους
1763 1298 1878 1342 τῶν

185 1375 462 1444 Ἑλλήνων
501 1380 671 1439 θεοὺς
701 1376 832 1430 κάπὶ
872 1386 991 1440 ταῖς
1030 1379 1297 1440 σπονδαῖς
1335 1377 1699 1446 κεκλημένους
1739 1396 1875 1446 παρ-

119 1487 159 1519 15
186 1466 562 1533 αιτησάμενοι,
608 1465 713 1519 κᾶν
763 1466 815 1518 εἴ
857 1485 939 1528 τις
979 1467 1057 1528 εἰς
1095 1467 1198 1534 τὴν
1230 1465 1480 1534 Ἀττικὴν
1525 1465 1766 1535 ἐμβάλοι,
1806 1466 1876 1520 οὐ

182 1556 358 1622 μόνον
398 1553 643 1607 ἐνταῦθα
683 1554 1142 1621 ἐναντιουμένους
1182 1555 1335 1625 εὕροι
1374 1559 1566 1618 καλῶς,
1607 1554 1744 1608 ἀλλὰ
1783 1554 1874 1607 καὶ
1940 1562 1943 1565 ’

185 1641 341 1695 αὐτοὶ
382 1642 830 1712 ἀντεμβαλοῦμεν
877 1646 969 1706 εἰς
999 1645 1100 1712 τὴν
1146 1644 1318 1696 αὐτοῦ
1365 1641 1489 1712 μεθ’
1538 1643 1733 1712 ὁμοίου
1772 1651 1875 1696 τοῦ

183 1731 381 1799 τάχους
418 1730 509 1784 καὶ
548 1739 660 1800 τῆς»
681 1739 1043 1802 παρασκευῆς.

293 1819 379 1872 53.
419 1824 653 1889 Εἴρηται
707 1819 796 1874 καὶ
853 1821 1009 1890 ἡμῖν,
1065 1818 1106 1874 ὦ
1158 1822 1610 1889 Λακεδαιμόνιοι,
1663 1820 1754 1873 καὶ
1807 1821 1876 1873 τὰ

117 1930 160 1962 20
182 1908 319 1977 πρὸς
358 1910 707 1977 Κορινθίους
744 1907 835 1962 καὶ
867 1910 932 1962 τὰ
969 1909 1109 1978 πρὸς
1139 1909 1292 1978 ὑμᾶς.
1334 1910 1488 1962 δοῖεν
1519 1905 1579 1962 δὲ
1612 1909 1671 1961 οἱ
1703 1913 1874 1975 κρείτ-

182 2016 328 2064 τους,
369 1996 402 2049 ἃ
432 2005 590 2069 κοινῆ
623 2007 738 2060 τοῖς
762 1997 990 2066 ’Ἐλλησι
1021 1996 1307 2067 συμφέρει,
1338 1994 1499 2051 ταῦθ’
1537 1997 1671 2065 ὑμῖν
1701 2015 1875 2066 παρα-

183 2093 377 2153 στῆναι
416 2093 655 2154 ποιῆσαι.

305 2250 357 2288 16
390 2245 503 2289 Xon.
536 2245 657 2290 Hell.
683 2246 746 2289 III
770 2252 811 2303 5,
827 2251 855 2289 4

303 2398 326 2435 6
347 2393 436 2450 ἔχει
456 2395 498 2437 V
613 2398 638 2436 9
672 2393 892 2452 ἐπιτρέπῃ
910 2393 1076 2449 scripsi
1137 2392 1373 2448 ἐπιτρέποι
1389 2393 1635 2439 LVSchm
1768 2398 1819 2435 11
1839 2389 1870 2446 ἧ

192 2452 235 2495 V
373 2457 426 2496 13
469 2452 614 2497 πολλὰ
639 2479 694 2485 -
722 2458 776 2496 14
817 2451 1216 2509 παραιτησάμενοι
1255 2467 1329 2497 om
1363 2454 1406 2497 V
1547 2456 1600 2495 14
1643 2455 1872 2501 σπονδαῖς

184 2511 347 2567 scripsi
380 2525 404 2555 e
429 2513 472 2555 L
534 2515 759 2564 σπουδαῖς
783 2512 922 2555 Schm
1046 2516 1098 2554 18
1131 2512 1210 2554 καὶ
1243 2525 1317 2555 om
1351 2513 1393 2556 V
1508 2516 1563 2554 20
1596 2508 1699 2566 δοίη
1733 2509 1784 2554 δὲ
1815 2509 1871 2554 τὸ

183 2577 390 2624 κρεῖττον
424 2571 467 2613 V
492 2570 548 2614 cf.
581 2586 625 2626 p.
656 2575 798 2623 73‚24
921 2575 974 2614 21
1009 2569 1234 2626 συμφέροι
1268 2572 1312 2615 V

845 2765 1199 2773 -—-————
