<?xml version="1.0" encoding="UTF-8"?>
<!DOCTYPE html PUBLIC "-//W3C//DTD XHTML 1.0 Transitional//EN"
    "http://www.w3.org/TR/xhtml1/DTD/xhtml1-transitional.dtd">
<html xmlns="http://www.w3.org/1999/xhtml" xml:lang="en" lang="en">
 <head>
  <title>
</title>
<meta http-equiv="Content-Type" content="text/html;charset=utf-8" />
  <meta name='ocr-system' content='tesseract 3.04.00' />
  <meta name='ocr-capabilities' content='ocr_page ocr_carea ocr_par ocr_line ocrx_word'/>
</head>
<body>
  <div class='ocr_page' id='page_1' title='image "./operarecensuitri06libauoft_0471.png"; bbox 0 0 2010 3168; ppageno 0'>
   <div class='ocr_carea' id='block_1_1' title="bbox 907 269 1076 323">
    <p class='ocr_par' dir='ltr' id='par_1_1' title="bbox 907 269 1076 323">
     <span class='ocr_line' id='line_1_1' title="bbox 907 269 1076 323; baseline 0 -1"><span class='ocrx_word' id='word_1_1' title='bbox 907 269 1076 323; x_wconf 92' lang='lat' dir='ltr'>XXV.</span> 
     </span>
    </p>
   </div>
   <div class='ocr_carea' id='block_1_2' title="bbox 135 372 1830 2598">
    <p class='ocr_par' dir='ltr' id='par_1_2' title="bbox 135 372 1830 1481">
     <span class='ocr_line' id='line_1_2' title="bbox 248 372 1826 448; baseline 0.001 -21"><span class='ocrx_word' id='word_1_2' title='bbox 248 378 558 427; x_wconf 71' lang='lat' dir='ltr'>Declamatio</span> <span class='ocrx_word' id='word_1_3' title='bbox 597 377 838 440; x_wconf 87' lang='lat' dir='ltr'>inscripta</span> <span class='ocrx_word' id='word_1_4' title='bbox 870 372 965 426; x_wconf 90' lang='grc' dir='ltr'><em>Ἐν</em></span> <span class='ocrx_word' id='word_1_5' title='bbox 1002 378 1286 448; x_wconf 81' lang='grc' dir='ltr'><strong><em>Κορίνθῳ</em></strong></span> <span class='ocrx_word' id='word_1_6' title='bbox 1333 377 1577 445; x_wconf 86' lang='grc' dir='ltr'><em>γέγονεν</em></span> <span class='ocrx_word' id='word_1_7' title='bbox 1624 378 1826 444; x_wconf 77' lang='grc' dir='ltr'><em>ἑταίρα</em></span> 
     </span>
     <span class='ocr_line' id='line_1_3' title="bbox 137 450 1830 522; baseline 0.001 -21"><span class='ocrx_word' id='word_1_8' title='bbox 137 470 223 511; x_wconf 82' lang='grc' dir='ltr'>τις</span> <span class='ocrx_word' id='word_1_9' title='bbox 254 450 550 518; x_wconf 80' lang='grc' dir='ltr'><em>εὐπρεπὴς</em></span> <span class='ocrx_word' id='word_1_10' title='bbox 580 450 734 510; x_wconf 82' lang='grc' dir='ltr'><em>Λαὶς</em></span> <span class='ocrx_word' id='word_1_11' title='bbox 765 450 1010 517; x_wconf 81' lang='grc' dir='ltr'><em>ἐραστὰς</em></span> <span class='ocrx_word' id='word_1_12' title='bbox 1052 451 1307 512; x_wconf 83' lang='grc' dir='ltr'><em>πολλοὺς</em></span> <span class='ocrx_word' id='word_1_13' title='bbox 1347 451 1727 517; x_wconf 80' lang='grc' dir='ltr'><em>ἐπισπωμένη</em></span> <span class='ocrx_word' id='word_1_14' title='bbox 1758 457 1830 522; x_wconf 80' lang='grc' dir='ltr'>τῷ</span> 
     </span>
     <span class='ocr_line' id='line_1_4' title="bbox 138 523 1824 593; baseline 0.001 -18"><span class='ocrx_word' id='word_1_15' title='bbox 138 525 346 575; x_wconf 79' lang='grc' dir='ltr'><em>κάλλει.</em></span> <span class='ocrx_word' id='word_1_16' title='bbox 394 523 673 575; x_wconf 77' lang='grc' dir='ltr'><em>ἐντεῦθεν</em></span> <span class='ocrx_word' id='word_1_17' title='bbox 713 529 932 591; x_wconf 78' lang='grc' dir='ltr'><em>πολλῆς</em></span> <span class='ocrx_word' id='word_1_18' title='bbox 971 525 1503 593; x_wconf 80' lang='grc' dir='ltr'><em>ὑποφθειρομένης</em></span> <span class='ocrx_word' id='word_1_19' title='bbox 1548 526 1824 592; x_wconf 80' lang='grc' dir='ltr'><em>νεότητος</em></span> 
     </span>
     <span class='ocr_line' id='line_1_5' title="bbox 135 597 1823 667; baseline 0 -17"><span class='ocrx_word' id='word_1_20' title='bbox 135 601 351 667; x_wconf 80' lang='grc' dir='ltr'><em>γράφει</em></span> <span class='ocrx_word' id='word_1_21' title='bbox 404 618 490 659; x_wconf 85' lang='grc' dir='ltr'>τις</span> <span class='ocrx_word' id='word_1_22' title='bbox 537 597 898 650; x_wconf 75' lang='grc' dir='ltr'><em>ἀπελαύνειν</em></span> <span class='ocrx_word' id='word_1_23' title='bbox 945 607 1046 665; x_wconf 78' lang='grc' dir='ltr'>τῆς</span> <span class='ocrx_word' id='word_1_24' title='bbox 1091 600 1313 661; x_wconf 83' lang='grc' dir='ltr'><em>πόλεως</em></span> <span class='ocrx_word' id='word_1_25' title='bbox 1358 601 1568 651; x_wconf 81' lang='grc' dir='ltr'><em>Λαίδα.</em></span> <span class='ocrx_word' id='word_1_26' title='bbox 1618 600 1823 651; x_wconf 75' lang='grc' dir='ltr'><em>ἔπεισε.</em></span> 
     </span>
     <span class='ocr_line' id='line_1_6' title="bbox 138 673 1825 741; baseline 0 -17"><span class='ocrx_word' id='word_1_27' title='bbox 138 673 275 738; x_wconf 80' lang='grc' dir='ltr'><em>μετὰ</em></span> <span class='ocrx_word' id='word_1_28' title='bbox 298 681 476 723; x_wconf 86' lang='grc' dir='ltr'><em>ταῦτα</em></span> <span class='ocrx_word' id='word_1_29' title='bbox 499 677 728 724; x_wconf 84' lang='grc' dir='ltr'><em>πολλῶν</em></span> <span class='ocrx_word' id='word_1_30' title='bbox 752 673 894 724; x_wconf 81' lang='grc' dir='ltr'><em>κατὰ</em></span> <span class='ocrx_word' id='word_1_31' title='bbox 918 673 1022 738; x_wconf 82' lang='grc' dir='ltr'><em>τὴν</em></span> <span class='ocrx_word' id='word_1_32' title='bbox 1046 673 1221 724; x_wconf 88' lang='grc' dir='ltr'><em>πόλιν</em></span> <span class='ocrx_word' id='word_1_33' title='bbox 1244 674 1577 741; x_wconf 76' lang='grc' dir='ltr'><em>γινομένων</em></span> <span class='ocrx_word' id='word_1_34' title='bbox 1604 683 1825 741; x_wconf 84' lang='grc' dir='ltr'><em>μοιχῶν</em></span> 
     </span>
     <span class='ocr_line' id='line_1_7' title="bbox 135 744 1824 820; baseline 0.001 -22"><span class='ocrx_word' id='word_1_35' title='bbox 135 747 232 798; x_wconf 79' lang='grc' dir='ltr'>καὶ</span> <span class='ocrx_word' id='word_1_36' title='bbox 255 748 442 813; x_wconf 88' lang='grc' dir='ltr'><em>νόμου</em></span> <span class='ocrx_word' id='word_1_37' title='bbox 466 746 744 812; x_wconf 84' lang='grc' dir='ltr'><em>κειμένου</em></span> <span class='ocrx_word' id='word_1_38' title='bbox 775 749 876 799; x_wconf 86' lang='grc' dir='ltr'><em>τὸν</em></span> <span class='ocrx_word' id='word_1_39' title='bbox 899 747 1355 815; x_wconf 84' lang='grc' dir='ltr'><em>λαμβανόμενον</em></span> <span class='ocrx_word' id='word_1_40' title='bbox 1386 744 1470 799; x_wconf 81' lang='grc' dir='ltr'>ἐπ’</span> <span class='ocrx_word' id='word_1_41' title='bbox 1499 750 1824 820; x_wconf 79' lang='grc' dir='ltr'><em>αὐτοφώρῳ</em></span> 
     </span>
     <span class='ocr_line' id='line_1_8' title="bbox 137 821 1825 889; baseline 0.001 -17"><span class='ocrx_word' id='word_1_42' title='bbox 137 822 343 888; x_wconf 87' lang='grc' dir='ltr'><em>μοιχὸν</em></span> <span class='ocrx_word' id='word_1_43' title='bbox 390 821 872 872; x_wconf 81' lang='grc' dir='ltr'><em>ἀποκτίννυσθαι</em></span> <span class='ocrx_word' id='word_1_44' title='bbox 921 821 1129 873; x_wconf 85' lang='grc' dir='ltr'><em>πολλοὶ</em></span> <span class='ocrx_word' id='word_1_45' title='bbox 1175 822 1281 888; x_wconf 82' lang='grc' dir='ltr'><em>τὴν</em></span> <span class='ocrx_word' id='word_1_46' title='bbox 1327 822 1439 873; x_wconf 79' lang='grc' dir='ltr'>ἀπὸ</span> <span class='ocrx_word' id='word_1_47' title='bbox 1486 832 1587 874; x_wconf 87' lang='grc' dir='ltr'>τοῦ</span> <span class='ocrx_word' id='word_1_48' title='bbox 1637 823 1825 889; x_wconf 88' lang='grc' dir='ltr'><em>νόμου</em></span> 
     </span>
     <span class='ocr_line' id='line_1_9' title="bbox 137 895 1824 964; baseline 0.001 -18"><span class='ocrx_word' id='word_1_49' title='bbox 137 897 351 962; x_wconf 83' lang='grc' dir='ltr'><em>ζημίαν</em></span> <span class='ocrx_word' id='word_1_50' title='bbox 382 895 691 962; x_wconf 79' lang='grc' dir='ltr'><em>ὑπέμενον.</em></span> <span class='ocrx_word' id='word_1_51' title='bbox 723 896 820 946; x_wconf 81' lang='grc' dir='ltr'>καὶ</span> <span class='ocrx_word' id='word_1_52' title='bbox 851 898 1066 964; x_wconf 79' lang='grc' dir='ltr'><em>γράφει</em></span> <span class='ocrx_word' id='word_1_53' title='bbox 1104 916 1190 957; x_wconf 83' lang='grc' dir='ltr'>τις</span> <span class='ocrx_word' id='word_1_54' title='bbox 1214 899 1413 947; x_wconf 82' lang='grc' dir='ltr'><em>Λαίδα</em></span> <span class='ocrx_word' id='word_1_55' title='bbox 1443 898 1619 948; x_wconf 80' lang='grc' dir='ltr'><em>πάλιν</em></span> <span class='ocrx_word' id='word_1_56' title='bbox 1651 899 1824 948; x_wconf 81' lang='grc' dir='ltr'><em>κατά-</em></span> 
     </span>
     <span class='ocr_line' id='line_1_10' title="bbox 135 969 1825 1038; baseline 0.001 -17"><span class='ocrx_word' id='word_1_57' title='bbox 135 989 261 1037; x_wconf 86' lang='grc' dir='ltr'><em>γειν</em></span> <span class='ocrx_word' id='word_1_58' title='bbox 292 969 492 1037; x_wconf 78' lang='grc' dir='ltr'><em>ἑτέρου</em></span> <span class='ocrx_word' id='word_1_59' title='bbox 526 971 688 1031; x_wconf 87' lang='grc' dir='ltr'><em>τινὸς</em></span> <span class='ocrx_word' id='word_1_60' title='bbox 710 970 1144 1038; x_wconf 76' lang='grc' dir='ltr'><em>ἀντιλέγοντος.</em></span> <span class='ocrx_word' id='word_1_61' title='bbox 1179 976 1504 1037; x_wconf 86' lang='grc' dir='ltr'><em>μελετῶμεν</em></span> <span class='ocrx_word' id='word_1_62' title='bbox 1535 971 1635 1022; x_wconf 89' lang='grc' dir='ltr'><em>τὸν</em></span> <span class='ocrx_word' id='word_1_63' title='bbox 1663 971 1825 1022; x_wconf 82' lang='grc' dir='ltr'><em>ἀντι-</em></span> 
     </span>
     <span class='ocr_line' id='line_1_11' title="bbox 135 1044 1825 1112; baseline 0.001 -18"><span class='ocrx_word' id='word_1_64' title='bbox 135 1044 379 1112; x_wconf 82' lang='grc' dir='ltr'><em>λέγοντα</em></span> <span class='ocrx_word' id='word_1_65' title='bbox 411 1063 509 1109; x_wconf 90' lang='lat' dir='ltr'>qua</span> <span class='ocrx_word' id='word_1_66' title='bbox 540 1062 666 1095; x_wconf 88' lang='lat' dir='ltr'>unus</span> <span class='ocrx_word' id='word_1_67' title='bbox 699 1063 723 1095; x_wconf 91' lang='lat' dir='ltr'>e</span> <span class='ocrx_word' id='word_1_68' title='bbox 751 1045 1019 1097; x_wconf 84' lang='lat' dir='ltr'>Corinthiis</span> <span class='ocrx_word' id='word_1_69' title='bbox 1042 1047 1292 1110; x_wconf 87' lang='lat' dir='ltr'>rogationi</span> <span class='ocrx_word' id='word_1_70' title='bbox 1316 1047 1375 1096; x_wconf 93' lang='lat' dir='ltr'>de</span> <span class='ocrx_word' id='word_1_71' title='bbox 1399 1047 1554 1096; x_wconf 81' lang='lat' dir='ltr'>Laide</span> <span class='ocrx_word' id='word_1_72' title='bbox 1578 1049 1631 1096; x_wconf 87' lang='lat' dir='ltr'>in</span> <span class='ocrx_word' id='word_1_73' title='bbox 1654 1048 1825 1096; x_wconf 88' lang='lat' dir='ltr'>urbem</span> 
     </span>
     <span class='ocr_line' id='line_1_12' title="bbox 135 1115 1824 1188; baseline 0 -18"><span class='ocrx_word' id='word_1_74' title='bbox 135 1121 411 1170; x_wconf 87' lang='lat' dir='ltr'>revocanda</span> <span class='ocrx_word' id='word_1_75' title='bbox 449 1122 582 1169; x_wconf 82' lang='lat' dir='ltr'>latae</span> <span class='ocrx_word' id='word_1_76' title='bbox 623 1115 983 1188; x_wconf 82' lang='lat' dir='ltr'>obloquitur¹)‚</span> <span class='ocrx_word' id='word_1_77' title='bbox 1024 1124 1327 1185; x_wconf 88' lang='lat' dir='ltr'>argumenti,</span> <span class='ocrx_word' id='word_1_78' title='bbox 1367 1125 1425 1171; x_wconf 91' lang='lat' dir='ltr'>ut</span> <span class='ocrx_word' id='word_1_79' title='bbox 1462 1123 1680 1185; x_wconf 82' lang='lat' dir='ltr'>videtur,</span> <span class='ocrx_word' id='word_1_80' title='bbox 1718 1123 1824 1171; x_wconf 91' lang='lat' dir='ltr'>ille-</span> 
     </span>
     <span class='ocr_line' id='line_1_13' title="bbox 135 1192 1824 1259; baseline 0 -15"><span class='ocrx_word' id='word_1_81' title='bbox 135 1195 291 1244; x_wconf 85' lang='lat' dir='ltr'><strong>cebris</strong></span> <span class='ocrx_word' id='word_1_82' title='bbox 339 1196 459 1244; x_wconf 89' lang='lat' dir='ltr'>satis</span> <span class='ocrx_word' id='word_1_83' title='bbox 502 1196 773 1244; x_wconf 92' lang='lat' dir='ltr'>multorum</span> <span class='ocrx_word' id='word_1_84' title='bbox 812 1197 1052 1244; x_wconf 89' lang='lat' dir='ltr'>lectorum</span> <span class='ocrx_word' id='word_1_85' title='bbox 1096 1196 1308 1259; x_wconf 75' lang='lat' dir='ltr'>gratiam</span> <span class='ocrx_word' id='word_1_86' title='bbox 1340 1196 1469 1245; x_wconf 89' lang='lat' dir='ltr'>iniit.</span> <span class='ocrx_word' id='word_1_87' title='bbox 1509 1213 1668 1259; x_wconf 88' lang='lat' dir='ltr'>neque</span> <span class='ocrx_word' id='word_1_88' title='bbox 1702 1192 1824 1246; x_wconf 75' lang='lat' dir='ltr'>‘cor-</span> 
     </span>
     <span class='ocr_line' id='line_1_14' title="bbox 135 1265 1826 1335; baseline 0.001 -17"><span class='ocrx_word' id='word_1_89' title='bbox 135 1265 289 1332; x_wconf 87' lang='lat' dir='ltr'>poris&#39;</span> <span class='ocrx_word' id='word_1_90' title='bbox 321 1270 500 1318; x_wconf 88' lang='lat' dir='ltr'>finibus</span> <span class='ocrx_word' id='word_1_91' title='bbox 533 1271 746 1319; x_wconf 89' lang='lat' dir='ltr'>coercita</span> <span class='ocrx_word' id='word_1_92' title='bbox 777 1272 982 1332; x_wconf 90' lang='lat' dir='ltr'>mansit,</span> <span class='ocrx_word' id='word_1_93' title='bbox 1018 1271 1102 1319; x_wconf 92' lang='lat' dir='ltr'>sed</span> <span class='ocrx_word' id='word_1_94' title='bbox 1135 1272 1285 1319; x_wconf 85' lang='lat' dir='ltr'>etiam</span> <span class='ocrx_word' id='word_1_95' title='bbox 1315 1272 1370 1318; x_wconf 87' lang='lat' dir='ltr'>in</span> <span class='ocrx_word' id='word_1_96' title='bbox 1402 1271 1596 1335; x_wconf 82' lang='lat' dir='ltr'>eclogas</span> <span class='ocrx_word' id='word_1_97' title='bbox 1627 1274 1826 1334; x_wconf 83' lang='lat' dir='ltr'>recepta</span> 
     </span>
     <span class='ocr_line' id='line_1_15' title="bbox 139 1344 1826 1408; baseline 0.001 -15"><span class='ocrx_word' id='word_1_98' title='bbox 139 1346 226 1393; x_wconf 89' lang='lat' dir='ltr'>est.</span> <span class='ocrx_word' id='word_1_99' title='bbox 288 1344 498 1408; x_wconf 87' lang='lat' dir='ltr'>Magnus</span> <span class='ocrx_word' id='word_1_100' title='bbox 537 1345 694 1408; x_wconf 83' lang='lat' dir='ltr'>igitur</span> <span class='ocrx_word' id='word_1_101' title='bbox 724 1361 955 1394; x_wconf 88' lang='lat' dir='ltr'>numerus</span> <span class='ocrx_word' id='word_1_102' title='bbox 1003 1347 1077 1393; x_wconf 91' lang='lat' dir='ltr'>est</span> <span class='ocrx_word' id='word_1_103' title='bbox 1109 1345 1330 1394; x_wconf 82' lang='lat' dir='ltr'>codicum</span> <span class='ocrx_word' id='word_1_104' title='bbox 1364 1345 1543 1408; x_wconf 89' lang='lat' dir='ltr'>quibus</span> <span class='ocrx_word' id='word_1_105' title='bbox 1591 1346 1655 1394; x_wconf 92' lang='lat' dir='ltr'>ad</span> <span class='ocrx_word' id='word_1_106' title='bbox 1698 1346 1826 1394; x_wconf 89' lang='lat' dir='ltr'>hanc</span> 
     </span>
     <span class='ocr_line' id='line_1_16' title="bbox 137 1418 1216 1481; baseline 0.001 -14"><span class='ocrx_word' id='word_1_107' title='bbox 137 1420 351 1467; x_wconf 86' lang='lat' dir='ltr'>aetatem</span> <span class='ocrx_word' id='word_1_108' title='bbox 381 1420 620 1481; x_wconf 85' lang='lat' dir='ltr'>pervenit.</span> <span class='ocrx_word' id='word_1_109' title='bbox 684 1418 811 1467; x_wconf 89' lang='lat' dir='ltr'>Sunt</span> <span class='ocrx_word' id='word_1_110' title='bbox 842 1421 1009 1468; x_wconf 87' lang='lat' dir='ltr'>autem</span> <span class='ocrx_word' id='word_1_111' title='bbox 1039 1420 1093 1467; x_wconf 94' lang='lat' dir='ltr'>hi</span> <span class='ocrx_word' id='word_1_112' title='bbox 1125 1421 1216 1468; x_wconf 84' lang='lat'>27:</span> 
     </span>
    </p>

    <p class='ocr_par' dir='ltr' id='par_1_3' title="bbox 246 1489 1022 1556">
     <span class='ocr_line' id='line_1_17' title="bbox 246 1489 1022 1556; baseline 0.003 -15"><span class='ocrx_word' id='word_1_113' title='bbox 246 1493 440 1556; x_wconf 90' lang='lat' dir='ltr'>Agmen</span> <span class='ocrx_word' id='word_1_114' title='bbox 472 1493 658 1542; x_wconf 90' lang='lat' dir='ltr'>ducunt</span> <span class='ocrx_word' id='word_1_115' title='bbox 691 1489 1022 1555; x_wconf 80' lang='lat' dir='ltr'>‘corporales&#39;.</span> 
     </span>
    </p>

    <p class='ocr_par' dir='ltr' id='par_1_4' title="bbox 135 1567 1826 2151">
     <span class='ocr_line' id='line_1_18' title="bbox 251 1567 1823 1631; baseline 0.001 -15"><span class='ocrx_word' id='word_1_116' title='bbox 251 1570 294 1616; x_wconf 92' lang='lat'>1.</span> <span class='ocrx_word' id='word_1_117' title='bbox 312 1567 908 1630; x_wconf 84' lang='lat' dir='ltr'>Hierosolymitanus</span> <span class='ocrx_word' id='word_1_118' title='bbox 931 1568 1261 1617; x_wconf 78' lang='lat' dir='ltr'>bibliothecae</span> <span class='ocrx_word' id='word_1_119' title='bbox 1276 1570 1624 1631; x_wconf 85' lang='lat' dir='ltr'>patriarchalis</span> <span class='ocrx_word' id='word_1_120' title='bbox 1647 1569 1823 1618; x_wconf 84' lang='lat' dir='ltr'>Sanc-</span> 
     </span>
     <span class='ocr_line' id='line_1_19' title="bbox 135 1635 1825 1709; baseline 0.001 -19"><span class='ocrx_word' id='word_1_121' title='bbox 135 1644 232 1690; x_wconf 90' lang='lat' dir='ltr'>tae</span> <span class='ocrx_word' id='word_1_122' title='bbox 266 1640 472 1690; x_wconf 79' lang='lat' dir='ltr'>Crucis</span> <span class='ocrx_word' id='word_1_123' title='bbox 507 1643 573 1690; x_wconf 87' lang='lat'>57</span> <span class='ocrx_word' id='word_1_124' title='bbox 609 1635 703 1709; x_wconf 84' lang='lat'>(=</span> <span class='ocrx_word' id='word_1_125' title='bbox 731 1637 817 1709; x_wconf 85' lang='lat' dir='ltr'>Gr)</span> <span class='ocrx_word' id='word_1_126' title='bbox 849 1643 1200 1705; x_wconf 85' lang='lat' dir='ltr'>palimpsestus</span> <span class='ocrx_word' id='word_1_127' title='bbox 1232 1643 1418 1692; x_wconf 78' lang='lat' dir='ltr'>saeculi</span> <span class='ocrx_word' id='word_1_128' title='bbox 1447 1638 1639 1709; x_wconf 72' lang='lat' dir='ltr'>XIsXII</span> <span class='ocrx_word' id='word_1_129' title='bbox 1671 1645 1825 1693; x_wconf 88' lang='lat' dir='ltr'>conti-</span> 
     </span>
     <span class='ocr_line' id='line_1_20' title="bbox 135 1714 1820 1782; baseline 0.002 -18"><span class='ocrx_word' id='word_1_130' title='bbox 135 1719 221 1764; x_wconf 91' lang='lat' dir='ltr'>net</span> <span class='ocrx_word' id='word_1_131' title='bbox 243 1716 363 1764; x_wconf 91' lang='lat' dir='ltr'>folio</span> <span class='ocrx_word' id='word_1_132' title='bbox 392 1717 506 1766; x_wconf 63' lang='lat' dir='ltr'>95V¹</span> <span class='ocrx_word' id='word_1_133' title='bbox 528 1716 677 1765; x_wconf 85' lang='lat' dir='ltr'>verba</span> <span class='ocrx_word' id='word_1_134' title='bbox 702 1717 816 1764; x_wconf 89' lang='lat' dir='ltr'>inde</span> <span class='ocrx_word' id='word_1_135' title='bbox 843 1734 871 1765; x_wconf 91' lang='lat' dir='ltr'>a</span> <span class='ocrx_word' id='word_1_136' title='bbox 894 1734 941 1780; x_wconf 90' lang='lat' dir='ltr'>p.</span> <span class='ocrx_word' id='word_1_137' title='bbox 960 1718 1126 1780; x_wconf 83' lang='lat'><strong>469,8</strong></span> <span class='ocrx_word' id='word_1_138' title='bbox 1147 1714 1263 1782; x_wconf 81' lang='grc' dir='ltr'><em>φέρε</em></span> <span class='ocrx_word' id='word_1_139' title='bbox 1287 1733 1442 1780; x_wconf 90' lang='lat' dir='ltr'>usque</span> <span class='ocrx_word' id='word_1_140' title='bbox 1468 1718 1531 1766; x_wconf 87' lang='lat' dir='ltr'>ad</span> <span class='ocrx_word' id='word_1_141' title='bbox 1553 1735 1601 1780; x_wconf 89' lang='lat' dir='ltr'>p.</span> <span class='ocrx_word' id='word_1_142' title='bbox 1621 1720 1820 1780; x_wconf 86' lang='lat'>473,11</span> 
     </span>
     <span class='ocr_line' id='line_1_21' title="bbox 135 1787 1825 1857; baseline 0.001 -19"><span class='ocrx_word' id='word_1_143' title='bbox 135 1789 417 1854; x_wconf 80' lang='grc' dir='ltr'><em>λαμβάνειν,</em></span> <span class='ocrx_word' id='word_1_144' title='bbox 448 1791 567 1839; x_wconf 90' lang='lat' dir='ltr'>folio</span> <span class='ocrx_word' id='word_1_145' title='bbox 595 1792 672 1840; x_wconf 62' lang='lat' dir='ltr'>5³⁷lc</span> <span class='ocrx_word' id='word_1_146' title='bbox 701 1791 853 1840; x_wconf 83' lang='lat' dir='ltr'>verba</span> <span class='ocrx_word' id='word_1_147' title='bbox 882 1791 995 1839; x_wconf 86' lang='lat' dir='ltr'>inde</span> <span class='ocrx_word' id='word_1_148' title='bbox 1030 1807 1059 1839; x_wconf 92' lang='lat' dir='ltr'>a</span> <span class='ocrx_word' id='word_1_149' title='bbox 1090 1809 1135 1854; x_wconf 89' lang='lat' dir='ltr'>p.</span> <span class='ocrx_word' id='word_1_150' title='bbox 1163 1792 1286 1853; x_wconf 87' lang='grc'>481,</span> <span class='ocrx_word' id='word_1_151' title='bbox 1307 1793 1372 1840; x_wconf 89' lang='grc'>18</span> <span class='ocrx_word' id='word_1_152' title='bbox 1406 1787 1636 1857; x_wconf 81' lang='grc' dir='ltr'><em>ἀτο]πιάς</em></span> <span class='ocrx_word' id='word_1_153' title='bbox 1670 1808 1825 1855; x_wconf 90' lang='lat' dir='ltr'>usque</span> 
     </span>
     <span class='ocr_line' id='line_1_22' title="bbox 136 1861 1825 1929; baseline 0.001 -17"><span class='ocrx_word' id='word_1_154' title='bbox 136 1864 199 1912; x_wconf 92' lang='lat' dir='ltr'>ad</span> <span class='ocrx_word' id='word_1_155' title='bbox 251 1881 298 1926; x_wconf 92' lang='lat' dir='ltr'>p.</span> <span class='ocrx_word' id='word_1_156' title='bbox 341 1866 471 1926; x_wconf 87' lang='lat'>486,</span> <span class='ocrx_word' id='word_1_157' title='bbox 497 1867 526 1912; x_wconf 84' lang='lat'><strong>2</strong></span> <span class='ocrx_word' id='word_1_158' title='bbox 583 1861 736 1929; x_wconf 78' lang='grc' dir='ltr'><em>ἡμᾶς,</em></span> <span class='ocrx_word' id='word_1_159' title='bbox 798 1866 918 1914; x_wconf 86' lang='lat' dir='ltr'>folio</span> <span class='ocrx_word' id='word_1_160' title='bbox 975 1867 1053 1914; x_wconf 71' lang='grc' dir='ltr'>8π</span> <span class='ocrx_word' id='word_1_161' title='bbox 1106 1866 1256 1915; x_wconf 86' lang='lat' dir='ltr'>verba</span> <span class='ocrx_word' id='word_1_162' title='bbox 1310 1868 1570 1929; x_wconf 78' lang='lat' dir='ltr'>sequentia</span> <span class='ocrx_word' id='word_1_163' title='bbox 1628 1866 1741 1914; x_wconf 88' lang='lat' dir='ltr'>inde</span> <span class='ocrx_word' id='word_1_164' title='bbox 1796 1883 1825 1914; x_wconf 88' lang='lat' dir='ltr'>a</span> 
     </span>
     <span class='ocr_line' id='line_1_23' title="bbox 135 1938 1825 2006; baseline 0.001 -20"><span class='ocrx_word' id='word_1_165' title='bbox 135 1955 183 2000; x_wconf 91' lang='lat' dir='ltr'>p.</span> <span class='ocrx_word' id='word_1_166' title='bbox 209 1939 382 2000; x_wconf 81' lang='lat'>486,2</span> <span class='ocrx_word' id='word_1_167' title='bbox 431 1938 907 2004; x_wconf 83' lang='grc' dir='ltr'><em>πεπλημμεληκότων</em></span> <span class='ocrx_word' id='word_1_168' title='bbox 954 1955 1112 2003; x_wconf 90' lang='lat' dir='ltr'>usque</span> <span class='ocrx_word' id='word_1_169' title='bbox 1152 1940 1215 1988; x_wconf 92' lang='lat' dir='ltr'>ad</span> <span class='ocrx_word' id='word_1_170' title='bbox 1253 1957 1301 2003; x_wconf 90' lang='lat' dir='ltr'>p.</span> <span class='ocrx_word' id='word_1_171' title='bbox 1327 1942 1500 2002; x_wconf 86' lang='lat'>490‚4</span> <span class='ocrx_word' id='word_1_172' title='bbox 1542 1938 1700 2006; x_wconf 82' lang='grc' dir='ltr'><em>μέχρι,</em></span> <span class='ocrx_word' id='word_1_173' title='bbox 1741 1940 1825 1989; x_wconf 92' lang='lat' dir='ltr'>sed</span> 
     </span>
     <span class='ocr_line' id='line_1_24' title="bbox 135 2013 1826 2080; baseline 0.001 -20"><span class='ocrx_word' id='word_1_174' title='bbox 135 2013 383 2076; x_wconf 79' lang='lat' dir='ltr'>permulta</span> <span class='ocrx_word' id='word_1_175' title='bbox 422 2013 601 2061; x_wconf 89' lang='lat' dir='ltr'>abrasa</span> <span class='ocrx_word' id='word_1_176' title='bbox 637 2014 717 2062; x_wconf 86' lang='lat' dir='ltr'>vel</span> <span class='ocrx_word' id='word_1_177' title='bbox 757 2015 1003 2077; x_wconf 88' lang='lat' dir='ltr'>scriptura</span> <span class='ocrx_word' id='word_1_178' title='bbox 1042 2016 1311 2063; x_wconf 85' lang='lat' dir='ltr'>recentiore</span> <span class='ocrx_word' id='word_1_179' title='bbox 1352 2015 1547 2064; x_wconf 86' lang='lat' dir='ltr'>obtecta</span> <span class='ocrx_word' id='word_1_180' title='bbox 1585 2015 1684 2080; x_wconf 91' lang='lat' dir='ltr'>legi</span> <span class='ocrx_word' id='word_1_181' title='bbox 1725 2015 1826 2063; x_wconf 92' lang='lat' dir='ltr'>iam</span> 
     </span>
     <span class='ocr_line' id='line_1_25' title="bbox 135 2087 1372 2151; baseline 0.003 -16"><span class='ocrx_word' id='word_1_182' title='bbox 135 2103 236 2136; x_wconf 91' lang='lat' dir='ltr'>non</span> <span class='ocrx_word' id='word_1_183' title='bbox 266 2090 468 2149; x_wconf 89' lang='lat' dir='ltr'>queunt.</span> <span class='ocrx_word' id='word_1_184' title='bbox 528 2087 655 2136; x_wconf 86' lang='lat' dir='ltr'>Vide</span> <span class='ocrx_word' id='word_1_185' title='bbox 686 2090 721 2136; x_wconf 95' lang='lat' dir='ltr'>t.</span> <span class='ocrx_word' id='word_1_186' title='bbox 745 2087 793 2134; x_wconf 88' lang='lat' dir='ltr'><strong>V</strong></span> <span class='ocrx_word' id='word_1_187' title='bbox 822 2106 870 2150; x_wconf 88' lang='lat' dir='ltr'>p.</span> <span class='ocrx_word' id='word_1_188' title='bbox 898 2089 1003 2137; x_wconf 88' lang='lat'>154</span> <span class='ocrx_word' id='word_1_189' title='bbox 1020 2104 1092 2151; x_wconf 92' lang='lat' dir='ltr'>sq.</span> <span class='ocrx_word' id='word_1_190' title='bbox 1154 2089 1372 2139; x_wconf 86' lang='lat' dir='ltr'>Excussi.</span> 
     </span>
    </p>

    <p class='ocr_par' dir='ltr' id='par_1_5' title="bbox 136 2161 1826 2359">
     <span class='ocr_line' id='line_1_26' title="bbox 250 2161 1826 2225; baseline 0.003 -17"><span class='ocrx_word' id='word_1_191' title='bbox 250 2163 296 2209; x_wconf 87' lang='lat'>2.</span> <span class='ocrx_word' id='word_1_192' title='bbox 321 2161 912 2224; x_wconf 86' lang='lat' dir='ltr'>Hierosolymitanus</span> <span class='ocrx_word' id='word_1_193' title='bbox 935 2162 1264 2212; x_wconf 88' lang='lat' dir='ltr'>bibliothecae</span> <span class='ocrx_word' id='word_1_194' title='bbox 1288 2163 1636 2225; x_wconf 84' lang='lat' dir='ltr'>patriarchalis</span> <span class='ocrx_word' id='word_1_195' title='bbox 1659 2163 1706 2211; x_wconf 82' lang='lat' dir='ltr'>S.</span> <span class='ocrx_word' id='word_1_196' title='bbox 1726 2163 1826 2212; x_wconf 86' lang='lat' dir='ltr'>Se-</span> 
     </span>
     <span class='ocr_line' id='line_1_27' title="bbox 136 2230 1823 2303; baseline 0.002 -20"><span class='ocrx_word' id='word_1_197' title='bbox 136 2236 336 2298; x_wconf 90' lang='lat' dir='ltr'>pulcri</span> <span class='ocrx_word' id='word_1_198' title='bbox 363 2237 465 2284; x_wconf 80' lang='lat'>107</span> <span class='ocrx_word' id='word_1_199' title='bbox 494 2230 588 2303; x_wconf 83' lang='lat'>(=</span> <span class='ocrx_word' id='word_1_200' title='bbox 613 2230 686 2303; x_wconf 88' lang='grc' dir='ltr'>Η)</span> <span class='ocrx_word' id='word_1_201' title='bbox 719 2252 842 2286; x_wconf 86' lang='lat' dir='ltr'>saec.</span> <span class='ocrx_word' id='word_1_202' title='bbox 868 2237 986 2285; x_wconf 82' lang='lat' dir='ltr'>XIV</span> <span class='ocrx_word' id='word_1_203' title='bbox 1009 2237 1093 2285; x_wconf 87' lang='lat' dir='ltr'>fol.</span> <span class='ocrx_word' id='word_1_204' title='bbox 1123 2239 1242 2285; x_wconf 84' lang='lat'><strong>122.</strong></span> <span class='ocrx_word' id='word_1_205' title='bbox 1275 2237 1402 2286; x_wconf 85' lang='lat' dir='ltr'>Vide</span> <span class='ocrx_word' id='word_1_206' title='bbox 1423 2241 1460 2287; x_wconf 90' lang='lat' dir='ltr'>t.</span> <span class='ocrx_word' id='word_1_207' title='bbox 1484 2237 1532 2285; x_wconf 90' lang='lat' dir='ltr'><strong>V</strong></span> <span class='ocrx_word' id='word_1_208' title='bbox 1554 2255 1601 2300; x_wconf 91' lang='lat' dir='ltr'>p.</span> <span class='ocrx_word' id='word_1_209' title='bbox 1630 2240 1735 2287; x_wconf 85' lang='lat'>150</span> <span class='ocrx_word' id='word_1_210' title='bbox 1753 2253 1823 2300; x_wconf 86' lang='lat' dir='ltr'>sq.</span> 
     </span>
     <span class='ocr_line' id='line_1_28' title="bbox 138 2308 351 2359; baseline 0.009 -2"><span class='ocrx_word' id='word_1_211' title='bbox 138 2308 351 2359; x_wconf 81' lang='lat' dir='ltr'>Contuli.</span> 
     </span>
    </p>

    <p class='ocr_par' dir='ltr' id='par_1_6' title="bbox 137 2382 1822 2520">
     <span class='ocr_line' id='line_1_29' title="bbox 251 2382 1822 2435; baseline 0.001 -4"><span class='ocrx_word' id='word_1_212' title='bbox 251 2386 297 2432; x_wconf 87' lang='lat'>3.</span> <span class='ocrx_word' id='word_1_213' title='bbox 322 2382 765 2434; x_wconf 85' lang='lat' dir='ltr'>Laurentianus</span> <span class='ocrx_word' id='word_1_214' title='bbox 790 2385 932 2433; x_wconf 88' lang='lat' dir='ltr'><strong>LVII</strong></span> <span class='ocrx_word' id='word_1_215' title='bbox 951 2387 1016 2433; x_wconf 82' lang='lat'>27</span> <span class='ocrx_word' id='word_1_216' title='bbox 1038 2402 1165 2434; x_wconf 86' lang='lat' dir='ltr'>anno</span> <span class='ocrx_word' id='word_1_217' title='bbox 1187 2387 1326 2434; x_wconf 84' lang='lat'><strong>1392</strong></span> <span class='ocrx_word' id='word_1_218' title='bbox 1354 2388 1585 2435; x_wconf 88' lang='lat' dir='ltr'>exaratus</span> <span class='ocrx_word' id='word_1_219' title='bbox 1611 2387 1694 2435; x_wconf 88' lang='lat' dir='ltr'>fol.</span> <span class='ocrx_word' id='word_1_220' title='bbox 1716 2387 1822 2434; x_wconf 65' lang='lat' dir='ltr'><strong>79V.</strong></span> 
     </span>
     <span class='ocr_line' id='line_1_30' title="bbox 137 2457 646 2520; baseline 0.004 -16"><span class='ocrx_word' id='word_1_221' title='bbox 137 2457 263 2506; x_wconf 88' lang='lat' dir='ltr'>Vide</span> <span class='ocrx_word' id='word_1_222' title='bbox 295 2460 331 2506; x_wconf 91' lang='lat' dir='ltr'>t.</span> <span class='ocrx_word' id='word_1_223' title='bbox 355 2458 382 2505; x_wconf 95' lang='lat' dir='ltr'>I</span> <span class='ocrx_word' id='word_1_224' title='bbox 413 2475 460 2520; x_wconf 91' lang='lat' dir='ltr'>p.</span> <span class='ocrx_word' id='word_1_225' title='bbox 488 2458 554 2506; x_wconf 84' lang='lat'>59</span> <span class='ocrx_word' id='word_1_226' title='bbox 575 2474 646 2520; x_wconf 89' lang='lat' dir='ltr'>sq.</span> 
     </span>
    </p>

    <p class='ocr_par' dir='ltr' id='par_1_7' title="bbox 250 2531 1823 2598">
     <span class='ocr_line' id='line_1_31' title="bbox 250 2531 1823 2598; baseline -0.001 -18"><span class='ocrx_word' id='word_1_227' title='bbox 250 2534 298 2580; x_wconf 88' lang='lat'>4.</span> <span class='ocrx_word' id='word_1_228' title='bbox 330 2531 934 2582; x_wconf 87' lang='lat' dir='ltr'>Wolfenbuttelanus</span> <span class='ocrx_word' id='word_1_229' title='bbox 969 2535 1069 2583; x_wconf 86' lang='lat'>511</span> <span class='ocrx_word' id='word_1_230' title='bbox 1101 2532 1357 2583; x_wconf 84' lang='lat' dir='ltr'>Gudianus</span> <span class='ocrx_word' id='word_1_231' title='bbox 1382 2551 1453 2598; x_wconf 80' lang='lat' dir='ltr'>gr.</span> <span class='ocrx_word' id='word_1_232' title='bbox 1482 2536 1548 2582; x_wconf 87' lang='lat'>77</span> <span class='ocrx_word' id='word_1_233' title='bbox 1583 2549 1706 2582; x_wconf 88' lang='lat' dir='ltr'>saec.</span> <span class='ocrx_word' id='word_1_234' title='bbox 1732 2533 1823 2580; x_wconf 91' lang='lat' dir='ltr'>XV</span> 
     </span>
    </p>
   </div>
   <div class='ocr_carea' id='block_1_3' title="bbox 137 2643 1824 2997">
    <p class='ocr_par' dir='ltr' id='par_1_8' title="bbox 137 2643 1824 2997">
     <span class='ocr_line' id='line_1_32' title="bbox 259 2643 1824 2702; baseline 0.001 -16"><span class='ocrx_word' id='word_1_235' title='bbox 259 2645 300 2700; x_wconf 93' lang='lat'>1)</span> <span class='ocrx_word' id='word_1_236' title='bbox 331 2643 432 2687; x_wconf 89' lang='lat' dir='ltr'>Hoc</span> <span class='ocrx_word' id='word_1_237' title='bbox 464 2658 647 2699; x_wconf 89' lang='lat' dir='ltr'>quoque</span> <span class='ocrx_word' id='word_1_238' title='bbox 680 2647 1004 2702; x_wconf 84' lang='lat' dir='ltr'>argumentum</span> <span class='ocrx_word' id='word_1_239' title='bbox 1036 2645 1195 2689; x_wconf 89' lang='lat' dir='ltr'>fictum</span> <span class='ocrx_word' id='word_1_240' title='bbox 1228 2647 1310 2690; x_wconf 85' lang='lat' dir='ltr'>est.</span> <span class='ocrx_word' id='word_1_241' title='bbox 1372 2646 1529 2690; x_wconf 86' lang='lat' dir='ltr'>Pauca</span> <span class='ocrx_word' id='word_1_242' title='bbox 1568 2645 1625 2688; x_wconf 88' lang='lat' dir='ltr'>de</span> <span class='ocrx_word' id='word_1_243' title='bbox 1669 2646 1824 2688; x_wconf 83' lang='lat' dir='ltr'>aetate</span> 
     </span>
     <span class='ocr_line' id='line_1_33' title="bbox 137 2701 1823 2761; baseline 0.001 -17"><span class='ocrx_word' id='word_1_244' title='bbox 137 2701 368 2758; x_wconf 79' lang='lat' dir='ltr'>rebusque</span> <span class='ocrx_word' id='word_1_245' title='bbox 406 2702 565 2746; x_wconf 85' lang='lat' dir='ltr'>Laidis</span> <span class='ocrx_word' id='word_1_246' title='bbox 605 2703 827 2748; x_wconf 88' lang='lat' dir='ltr'>Libanius</span> <span class='ocrx_word' id='word_1_247' title='bbox 869 2704 1089 2761; x_wconf 85' lang='lat' dir='ltr'>protulit,</span> <span class='ocrx_word' id='word_1_248' title='bbox 1128 2706 1230 2761; x_wconf 89' lang='lat' dir='ltr'>sed,</span> <span class='ocrx_word' id='word_1_249' title='bbox 1271 2705 1310 2749; x_wconf 86' lang='lat' dir='ltr'>si</span> <span class='ocrx_word' id='word_1_250' title='bbox 1350 2705 1487 2749; x_wconf 90' lang='lat' dir='ltr'>modo</span> <span class='ocrx_word' id='word_1_251' title='bbox 1532 2703 1652 2747; x_wconf 89' lang='lat' dir='ltr'>duae</span> <span class='ocrx_word' id='word_1_252' title='bbox 1694 2703 1823 2747; x_wconf 89' lang='lat' dir='ltr'>fuere</span> 
     </span>
     <span class='ocr_line' id='line_1_34' title="bbox 140 2760 1823 2820; baseline 0.001 -16"><span class='ocrx_word' id='word_1_253' title='bbox 140 2760 215 2814; x_wconf 86' lang='lat' dir='ltr'>(cf.</span> <span class='ocrx_word' id='word_1_254' title='bbox 255 2760 312 2806; x_wconf 83' lang='lat' dir='ltr'>H.</span> <span class='ocrx_word' id='word_1_255' title='bbox 343 2761 674 2816; x_wconf 85' lang='lat' dir='ltr'>Breitenbach‚</span> <span class='ocrx_word' id='word_1_256' title='bbox 715 2763 784 2808; x_wconf 91' lang='lat' dir='ltr'>De</span> <span class='ocrx_word' id='word_1_257' title='bbox 822 2777 990 2820; x_wconf 90' lang='lat' dir='ltr'>genere</span> <span class='ocrx_word' id='word_1_258' title='bbox 1029 2764 1233 2819; x_wconf 87' lang='lat' dir='ltr'>quodam</span> <span class='ocrx_word' id='word_1_259' title='bbox 1271 2764 1527 2808; x_wconf 62' lang='lat' dir='ltr'>titulorum&gt;</span> <span class='ocrx_word' id='word_1_260' title='bbox 1558 2763 1823 2807; x_wconf 87' lang='lat' dir='ltr'>comoediae</span> 
     </span>
     <span class='ocr_line' id='line_1_35' title="bbox 140 2819 1823 2880; baseline 0.001 -17"><span class='ocrx_word' id='word_1_261' title='bbox 140 2819 332 2875; x_wconf 85' lang='lat' dir='ltr'>atticae,</span> <span class='ocrx_word' id='word_1_262' title='bbox 376 2821 587 2865; x_wconf 86' lang='lat' dir='ltr'>Basileae</span> <span class='ocrx_word' id='word_1_263' title='bbox 622 2825 735 2864; x_wconf 80' lang='lat'>1908</span> <span class='ocrx_word' id='word_1_264' title='bbox 774 2837 819 2878; x_wconf 91' lang='lat' dir='ltr'>p.</span> <span class='ocrx_word' id='word_1_265' title='bbox 848 2828 928 2867; x_wconf 85' lang='lat'>141</span> <span class='ocrx_word' id='word_1_266' title='bbox 947 2826 1047 2880; x_wconf 87' lang='lat' dir='ltr'>sq.)‚</span> <span class='ocrx_word' id='word_1_267' title='bbox 1081 2823 1139 2867; x_wconf 92' lang='lat' dir='ltr'>de</span> <span class='ocrx_word' id='word_1_268' title='bbox 1170 2823 1367 2878; x_wconf 84' lang='lat' dir='ltr'>minore,</span> <span class='ocrx_word' id='word_1_269' title='bbox 1400 2822 1678 2866; x_wconf 87' lang='lat' dir='ltr'>Timandrae</span> <span class='ocrx_word' id='word_1_270' title='bbox 1710 2821 1823 2877; x_wconf 86' lang='lat' dir='ltr'>filia,</span> 
     </span>
     <span class='ocr_line' id='line_1_36' title="bbox 140 2879 1822 2938; baseline 0.001 -16"><span class='ocrx_word' id='word_1_271' title='bbox 140 2891 246 2922; x_wconf 92' lang='lat' dir='ltr'>eum</span> <span class='ocrx_word' id='word_1_272' title='bbox 277 2879 507 2937; x_wconf 83' lang='lat' dir='ltr'>cogitasse</span> <span class='ocrx_word' id='word_1_273' title='bbox 540 2880 693 2925; x_wconf 91' lang='lat' dir='ltr'>elucet</span> <span class='ocrx_word' id='word_1_274' title='bbox 724 2894 748 2925; x_wconf 91' lang='lat' dir='ltr'>e</span> <span class='ocrx_word' id='word_1_275' title='bbox 779 2882 881 2926; x_wconf 91' lang='lat' dir='ltr'>loco</span> <span class='ocrx_word' id='word_1_276' title='bbox 914 2897 958 2938; x_wconf 92' lang='lat' dir='ltr'>p.</span> <span class='ocrx_word' id='word_1_277' title='bbox 984 2887 1084 2937; x_wconf 77' lang='lat'>471,</span> <span class='ocrx_word' id='word_1_278' title='bbox 1106 2887 1128 2925; x_wconf 93' lang='lat'>1</span> <span class='ocrx_word' id='word_1_279' title='bbox 1162 2896 1254 2938; x_wconf 89' lang='lat' dir='ltr'>quo</span> <span class='ocrx_word' id='word_1_280' title='bbox 1286 2895 1390 2926; x_wconf 89' lang='lat' dir='ltr'>eam</span> <span class='ocrx_word' id='word_1_281' title='bbox 1422 2896 1447 2926; x_wconf 90' lang='lat' dir='ltr'>e</span> <span class='ocrx_word' id='word_1_282' title='bbox 1480 2880 1642 2925; x_wconf 84' lang='lat' dir='ltr'>Sicilia</span> <span class='ocrx_word' id='word_1_283' title='bbox 1667 2880 1822 2925; x_wconf 88' lang='lat' dir='ltr'>Corin-</span> 
     </span>
     <span class='ocr_line' id='line_1_37' title="bbox 139 2937 818 2997; baseline 0.003 -16"><span class='ocrx_word' id='word_1_284' title='bbox 139 2937 273 2982; x_wconf 91' lang='lat' dir='ltr'>thum</span> <span class='ocrx_word' id='word_1_285' title='bbox 303 2940 658 2997; x_wconf 80' lang='lat' dir='ltr'>transmigrasse</span> <span class='ocrx_word' id='word_1_286' title='bbox 691 2940 818 2985; x_wconf 88' lang='lat' dir='ltr'>dicit.</span> 
     </span>
    </p>
   </div>
   <div class='ocr_carea' id='block_1_4' title="bbox 140 2618 494 2624">
    <p class='ocr_par' dir='ltr' id='par_1_9' title="bbox 140 2618 494 2624">
     <span class='ocr_line' id='line_1_38' title="bbox 140 2618 494 2624; baseline 0 0"><span class='ocrx_word' id='word_1_287' title='bbox 140 2618 494 2624; x_wconf 95' lang='lat' dir='ltr'> </span> 
     </span>
    </p>
   </div>
  </div>
 </body>
</html>
