2010 3168
520 63 982 109 ATHENIENSIUM
1014 62 1313 108 DEFENSIO
1698 64 1767 116 73

77 179 395 271 ε’θάρσησαν
432 199 523 254 καὶ
563 201 721 254 αὐτοὶ
761 197 891 253 καθ’
934 199 1090 268 ἡμῶν
1130 198 1363 268 ἐπιέναι,
1405 199 1472 252 οὐ
1511 200 1767 268 παρείδο-

75 310 177 359 μεν
215 291 276 344 τὸ
315 289 487 343 πλέον
524 289 557 358 ἢ
597 291 658 342 τὸ
702 294 824 342 ἴσον
870 285 1097 357 ἔχοντας
1144 287 1377 341 ἀπιε’.ναι
1428 287 1518 340 καὶ
1559 287 1768 356 Ξέρξην

77 377 137 432 δε
192 378 297 432 ἀπὸ
351 379 528 447 πάσης
581 386 675 446 τῆς
719 375 980 439 Ἑλλάδος
1034 378 1259 445 φυγάδα
1313 376 1623 446 ἐπέμπομεν
1676 375 1766 429 καὶ

76 468 534 530 ἀντιπλεύσαντες
573 468 650 529 εἰς
688 468 789 534 τὴν
828 465 1042 519 ἐκείνου
1077 465 1258 519 Ἀσίαν
1298 465 1401 519 οὐκ
1439 468 1554 519 ἔστι
1587 465 1767 533 λέγειν

76 558 149 620 ὡς
203 557 325 625 οὐχὶ
380 561 557 618 καλῶς
611 565 722 608 τῶν
774 554 1168 623 τολμηθέντων
1222 556 1298 617 εἰς
1340 553 1609 624 ’Έλληνας
1667 556 1766 623 τὴν

75 646 313 714 ἀμοιβὴν
346 645 699 712 ἐποιούμεθα.
740 645 829 697 καὶ
862 645 1079 706 τούτοις
1109 643 1226 711 μέν,
1258 654 1373 706 τοῖς
1405 644 1594 713 ἄκροις
1626 643 1765 711 λέγω

74 745 187 789 τῶν
220 732 623 802 Ἑλλήνωνκαὶ
664 736 883 802 βασιλεῖ
927 740 999 805 τῷ
1039 732 1282 805 μεγάλω,
1330 734 1463 801 μετὰ
1509 734 1766 786 τοιούτου

74 822 532 893 προσηνέχθημεν
571 830 671 876 τοῦ
711 823 1080 891 φρονήματος,
1123 822 1519 884 Ποτιδαιάταις
1562 819 1623 874 δὲ
1663 823 1767 874 δώ-

75 927 243 980 σομεν
282 910 408 965 καθ’
455 912 609 980 ἡμῶν
641 914 852 981 παίζειν
884 911 973 963 καὶ
1006 911 1072 964 οὐ
1108 918 1534 980 σωφρονιοῦμεν
1556 911 1768 974 αὐτοὺς

74 1003 163 1055 καὶ
219 1000 288 1054 δι’
352 1001 536 1054 αὐτῶν
590 1002 720 1063 τοὺς
779 1001 1004 1069 ἄλλους,
1066 998 1373 1066 ἀνεξόμεθα
1436 996 1495 1052 δὲ
1558 1003 1767 1068 μᾶλλον

75 1090 247 1159 ἡσυχῆ
288 1090 372 1142 καὶ
419 1092 848 1159 συγχωρήσομεν
888 1088 1248 1157 ἀτιμωρήτοις
1290 1097 1638 1157 περινοστεῖν
1676 1088 1767 1142 καὶ

74 1187 343 1232 τοσοῦτον
389 1184 701 1248 καυχᾶσθαι
748 1178 988 1246 κρηπῖδα
1034 1177 1502 1246 καταβαλομένοις
1548 1185 1643 1245 τῆς
1690 1180 1768 1240 εἰς

75 1267 400 1336 Ἀθηναίους
461 1276 573 1319 τῶν
634 1268 819 1319 ἄλλων
880 1269 1195 1336 ὀλιγωριάς;
1264 1266 1507 1329 θάνατος
1568 1265 1638 1319 ἂν
1700 1263 1768 1334 ἦν

74 1358 430 1425 αἱρετώτερος
484 1357 689 1408 ἅπασιν
734 1356 868 1424 ἡμῖν
920 1354 953 1423 ἢ
1006 1362 1274 1408 τοσοῦτον
1324 1354 1769 1424 κληρωσαμένοις

74 1447 289 1507 ὄνειδος
331 1449 439 1513 ζῆν.
480 1445 565 1497 37.
606 1443 722 1498 ἀλλ’
772 1444 1018 1507 ἐκείνους
1049 1441 1150 1512 μὲν
1190 1444 1291 1496 οὐκ
1327 1441 1442 1496 ἔστι
1484 1443 1663 1512 λέγειν
1695 1446 1768 1507 ὡς

75 1535 141 1587 οὐ
198 1535 382 1586 δίκαια
437 1536 783 1587 πεπόνθασιν
839 1533 1164 1602 ἀγνώμονας
1217 1531 1616 1601 γεγενημένους
1677 1532 1767 1586 καὶ

75 1622 197 1676 ἀντὶ
239 1624 420 1693 φίλων
460 1624 538 1685 εἰς
578 1622 917 1676 ἀποστασίαν
956 1621 1046 1674 καὶ
1088 1625 1298 1691 ἔχθραν
1341 1620 1767 1689 ἀπαλλαγέντας,

74 1712 289 1780 γένοιτο
339 1709 399 1764 δὲ
446 1714 800 1782 παραπλήσια
845 1717 1051 1764 παθεῖν
1104 1708 1195 1763 καὶ
1244 1703 1326 1772 οἷς
1378 1714 1769 1779 παραπλησίως

76 1800 305 1862 ἐκείνοις
345 1801 533 1863 ἄδικος
572 1799 937 1868 ἀγνωμοσύνη
986 1800 1201 1861 δικαίας
1247 1806 1482 1869 στοργῆς
1523 1800 1767 1868 προτετί-

1793 1021 1837 1054 10

1793 1467 1838 1498 15

74 1910 253 1958 μηται.
299 1894 382 1958 εἴη
429 1887 531 1958 μὲν
577 1890 681 1957 γὰρ
734 1888 804 1942 ἂν
858 1897 1020 1943 τοῦτο
1075 1889 1310 1958 μάλιστα
1363 1896 1647 1957 προσῆκον
1699 1896 1837 1960 τῷεο

75 1980 177 2050 βίῳ
216 1977 306 2030 καὶ
346 1986 528 2030 πᾶσαν
568 1978 669 2045 μὲν
699 1979 990 2047 πονηρίαν,
1021 1978 1128 2047 πρὸ
1161 1978 1336 2045 πάσης
1368 1976 1430 2029 δὲ
1460 1977 1562 2044 τὴν
1594 1976 1768 2044 ἀγνω-

74 2069 327 2136 μοσύνην
367 2065 744 2135 ἐξαιρεθῆναι,
791 2066 819 2119 ὃ
862 2068 929 2135 δὴ
969 2067 1141 2118 κακὸν
1185 2063 1417 2134 ἔσχατον
1463 2062 1649 2134 ἔμοιγε
1696 2065 1768 2128 ὡς

75 2155 164 2208 καὶ
206 2156 455 2223 ἀσεβείας
495 2154 764 2223 ἐγγύτατα
804 2158 1016 2223 βαῖνον.
1055 2155 1146 2207 καὶ
1185 2155 1289 2222 γὰρ
1330 2155 1512 2223 ὥσπερ
1553 2154 1769 2221 ἀσεβῶν

76 2244 263 2298 ἕνεκεν
301 2244 333 2313 ἡ
373 2246 520 2314 παρὰ
560 2254 671 2297 τῶν
702 2246 1031 2312 κρειττόνων
1063 2244 1130 2296 οὐ
1162 2243 1407 2296 κάτεισιν
1438 2245 1515 2305 εἰς
1547 2241 1768 2311 ἀνθρώ-

76 2353 215 2394 πους
255 2334 555 2402 εὐεργεσία,
595 2332 738 2386 οὕτω
780 2334 848 2401 δὴ
887 2332 975 2386 καὶ
1018 2339 1091 2404 τῷ
1125 2334 1271 2401 μίσει
1309 2341 1419 2384 τῶν
1458 2330 1769 2400 ἀχαρίστων

0 2491 2 2503 ¹
77 2424 474 2492 φιλανθρωπίᾳ
508 2422 645 2491 πρὸς
677 2420 868 2490 ἕτερον
899 2420 1084 2484 οὐδεὶς
1116 2421 1432 2489 ἀνθρώπων
1463 2425 1768 2489 κεχρῆσθαι

0 2539 2 2569 ;
77 2511 350 2579 βούλεται.
402 2510 492 2564 καὶ
539 2513 601 2564 τό
656 2530 717 2578 γε
771 2521 883 2564 τῶν
935 2512 1206 2564 τοιούτων
1259 2509 1446 2579 μέρος,
1500 2510 1768 2561 κωλύεται

197 2646 222 2684 2
258 2638 358 2685 ἶσον
392 2643 436 2685 V
563 2646 587 2684 6
627 2640 740 2698 λέγω
774 2641 938 2697 scripsi
971 2655 996 2686 e
1021 2643 1118 2686 LV
1188 2640 1307 2697 λέγει
1340 2639 1476 2684 Schm
1621 2643 1647 2681 8
1686 2645 1768 2682 τοῦ

77 2700 252 2744 inserui
285 2715 310 2745 e
334 2701 432 2745 LV
502 2715 576 2744 om
610 2700 748 2743 Schm
894 2706 946 2743 12
979 2699 1391 2773 καταβαλομένοις
1404 2698 1568 2754 scripsi
1600 2712 1624 2742 e
1661 2699 1699 2740 V

78 2758 499 2829 καταβαλλομένοις
522 2761 566 2804 L
599 2758 735 2802 Schm
867 2764 920 2803 13
954 2757 1203 2826 ὀλιγωρίας
1230 2758 1395 2814 scripsi
1428 2772 1453 2802 e
1478 2758 1576 2802 LV
1630 2774 1768 2812 κατη-

78 2815 243 2874 γορίας
275 2818 413 2862 Schm
535 2823 591 2862 24
621 2825 712 2862 τῶν
740 2816 1015 2872 κρειττόνων
1041 2818 1206 2874 scripsi
1232 2817 1377 2873 collp
1383 2821 1488 2871 .‚82
1510 2821 1563 2859 19
1589 2818 1636 2859 et
1660 2820 1765 2869 60,1

139 2885 219 2921 τοῦ
252 2876 513 2932 κρείττονος
536 2877 635 2921 LV
660 2876 796 2920 Schm
931 2882 986 2921 25
1018 2880 1081 2937 τῷ
1113 2878 1287 2921 inserui
1319 2889 1344 2921 e
1346 2832 1464 2920 pLV
1522 2889 1598 2919 om
1631 2874 1769 2918 Schm

1793 2352 1836 2385 25
