2010 3168
178 108 284 160 648
643 107 874 151 LIBANII
902 107 1294 153 DEGLNJATIO
1325 108 1453 153 XXX

177 242 239 295 δὲ
291 251 403 295 τῶν
455 242 714 310 ὀμμάτων
767 241 914 307 ὀξεῖά
967 262 1050 307 τις
1112 243 1286 312 ὀδύνη
1340 243 1585 297 κάτεισιν
1637 246 1716 307 εἰς
1767 246 1872 313 τὴν

173 332 423 402 καρδίαν.
465 330 603 401 ὁρᾶν
643 329 704 385 δὲ
741 332 830 385 καὶ
869 333 943 401 μὴ
982 333 1327 402 βουλόμενον
1378 331 1602 402 ἀνάγκη.
1640 334 1867 404 τριώρο-

174 439 287 489 φον
323 421 429 489 γὰρ
470 417 720 488 ἑκάτερος
758 420 915 489 ἡμῶν
952 421 1136 474 οἰκίαν
1174 421 1326 474 οἰκεῖ.
1365 420 1470 474 κᾶν
1510 420 1868 491 ἀφυπνισθῶ,

173 507 356 576 θέαμα
401 518 623 578 πρῶτον
662 509 695 577 ἡ
742 517 842 562 τοῦ
887 513 1134 577 γείτονος
1180 510 1354 578 χλιδή.
1409 508 1499 562 καὶ
1544 515 1871 581 προαπαντᾷ

129 618 149 651 5
173 606 285 650 τῶν
325 598 509 650 ἄλλων
545 598 606 649 τὸ
646 599 848 668 πικρὸν
889 596 1065 651 ἐκεῖνο
1104 596 1266 665 βέλος
1311 598 1400 651 καὶ
1441 597 1475 666 ἢ
1512 601 1743 652 καθίσαι
1783 599 1872 652 δεῖ

172 688 575 754 συγκλείσαντα
612 687 744 749 τοὺς
783 685 1115 756 ὀφθαλμοὺς
1153 686 1186 756 ἢ
1226 687 1532 756 βάλλεσθαι
1579 686 1869 756 βλέποντα.

174 773 310 844 φασὶ
358 774 419 828 δὲ
469 774 640 828 αὐτὸν
694 775 1045 829 διανοεῖσθαι
1099 775 1493 842 μεταπλάττειν
1538 776 1640 845 τὴν
1687 778 1875 830 οἰκίαν

83 867 309 912 RIV176
355 863 446 916 καὶ
485 871 666 916 ποιεῖν
703 873 815 917 τῶν
853 865 1146 934 παρόντων
1177 862 1335 927 ἀξίαν
1369 862 1376 935 Ι
1409 862 1499 917 καὶ
1531 866 1668 935 πρὸς
1698 864 1869 918 αὐτὸν

175 956 358 1022 αἴρειν
411 951 614 1022 αἰθέρα
668 951 809 1006 ὥσθ’
854 952 989 1023 ἡμῖν
1040 963 1157 1016 τοῖς
1210 956 1447 1021 πλησίον
1500 954 1672 1006 νύκτα
1726 949 1870 1006 εἶναι

109 1063 152 1095 ιο
175 1041 267 1093 καὶ
305 1042 406 1109 τὴν
445 1039 668 1111 ἡμέραν.
707 1042 840 1110 πρὶν
880 1038 984 1095 οὗν
1022 1043 1224 1111 ταύτης
1255 1043 1535 1112 γεύσωμαι
1565 1049 1661 1110 τῆς
1691 1062 1870 1113 χειρο-

173 1131 409 1199 ποιήτου
447 1131 673 1199 νυκτός,
722 1132 800 1194 εἰς
847 1130 1065 1201 ἐκείνην
1110 1133 1298 1200 ἄπειμι
1344 1132 1446 1199 τὴν
1483 1131 1592 1184 ὑπὸ
1634 1139 1732 1200 γῆς
1769 1132 1871 1200 τὴν

173 1219 406 1272 ἄλυπον.

285 1307 370 1360 54.
415 1307 677 1361 Οὐκοῦν
715 1306 989 1376 ἑτέρωσε
1029 1308 1320 1377 βέλτιον,
1360 1311 1521 1379 φησί,
1559 1317 1870 1378 μεταστῆ-

173 1415 281 1448 ναι
334 1396 367 1465 ἢ
421 1397 763 1462 τεθνάναι;
824 1399 963 1465 καλή
1025 1417 1085 1466 γε
1146 1407 1258 1450 τῶν
1312 1396 1672 1467 ἀτυχημάτων
1728 1404 1872 1461 ἴασις

296 1546 321 1585 2
356 1542 413 1586 of.
447 1542 509 1586 ad
539 1542 618 1586 t.1
642 1547 809 1598 515‚6;
841 1542 884 1586 Π
907 1547 1052 1598 564,3

297 1679 349 1719 13
382 1674 622 1725 ἀντίθεσις
653 1677 700 1719 et
733 1679 787 1719 14
818 1676 944 1726 λύσις
973 1676 1023 1719 in
1054 1689 1187 1733 marg
1200 1674 1305 1720 ‘Lae

173 1792 262 1851 γὰρ
296 1790 451 1837 οἰκίαν
479 1795 484 1849 Ι
513 1793 634 1838 οἰκεῖ
656 1828 665 1837 .
685 1828 695 1838 .
716 1828 724 1837 .
748 1792 909 1851 θέαμα
937 1801 1121 1850 πρῶτον
1152 1793 1181 1851 ἡ
1212 1801 1295 1838 τοῦ
1326 1792 1532 1851 γείτονος
1559 1796 1565 1851 Ι
1593 1794 1724 1853 χλιδή
1756 1808 1869 1839 enu—

178 1851 349 1895 cleavit
380 1852 585 1896 Kockius

297 1916 319 1955 1
365 1910 493 1965 ὀξεῖα
531 1909 599 1962 τίς
623 1912 681 1955 H
686 1911 1123 1957 VMoBMLaViOl
1152 1912 1241 1956 edd
1386 1917 1412 1954 3
1457 1910 1614 1957 οἰκίαν
1653 1912 1871 1968 ἑκάτερος

175 1969 304 2027 ἡμῶν
332 1970 387 2015 ΟΖ
426 1973 433 2026 Ι
475 1971 620 2014 οἰκεῖν
653 1971 711 2014 Vi
751 1974 757 2027 Ι
799 1971 926 2027 ὑμῶν
951 1973 997 2016 Β
1118 1977 1143 2015 5
1175 1971 1367 2016 πάντων
1390 1972 1447 2015 Η
1453 1972 1495 2015 V
1531 1974 1538 2028 Ι
1580 1972 1748 2028 μικρὸν
1771 1973 1827 2017 Η
1857 1972 1864 2032 Ι

174 2027 374 2073 καθίσαι
405 2030 482 2074 La
520 2029 602 2073 sed
641 2034 669 2085 ῆ
710 2043 852 2086 supra,
892 2027 908 2073 ι’
939 2045 982 2085 8,
1015 2031 1085 2075 Va
1124 2031 1206 2075 sed
1245 2028 1342 2074 ίσαι
1379 2030 1428 2074 in
1468 2034 1615 2087 ῆσθαι
1653 2045 1754 2075 corr
1783 2030 1869 2086 m',

175 2088 278 2132 Mor
309 2088 391 2132 sed
429 2106 483 2145 γρ
516 2086 814 2133 καθίσασθαι
851 2089 901 2132 in
931 2104 1065 2146 marg
1209 2095 1232 2133 7
1274 2090 1419 2134 αὐτὸν
1451 2090 1527 2133 del
1555 2091 1629 2136 C'l4
1677 2093 1684 2147 Ι
1734 2105 1867 2146 μετα-

175 2147 391 2192 πλάττειν
419 2148 470 2193 Ol
501 2148 583 2191 sed
614 2150 637 2191 λ
668 2148 718 2190 in
751 2165 775 2203 ρ
809 2161 911 2192 corr
941 2148 1012 2192 m4
1087 2148 1407 2205 μεταλλάττειν
1433 2151 1517 2194 Mo
1660 2154 1686 2194 8
1723 2149 1870 2194 αὐτὸν

178 2208 254 2251 La
284 2206 367 2251 sed.
397 2203 408 2220 '
442 2207 492 2250 in
518 2204 530 2221 ‘
569 2220 670 2251 corr
699 2222 722 2251 s
842 2211 867 2251 9
899 2207 981 2252 τὸν
1013 2209 1124 2252 ante
1156 2206 1329 2263 αἰθέρα
1362 2209 1420 2252 Vi
1453 2213 1460 2265 Ι
1502 2208 1649 2252 νύκτα
1679 2208 1864 2266 reposui

177 2280 201 2309 e
233 2265 365 2309 libris
441 2263 569 2310 νύκτ’
600 2266 690 2309 edd
836 2270 890 2310 10
932 2267 1164 2323 γεύσωμαι
1205 2267 1372 2324 scripsi
1415 2282 1520 2311 cum
1553 2267 1593 2312 G
1628 2267 1870 2311 Dindorfio

177 2324 337 2381 Steph.
370 2324 504 2368 Thes.
539 2339 574 2368 s.
605 2339 646 2368 v.
679 2323 791 2380 πρίν
828 2328 938 2369 tom.
963 2325 1006 2369 V
1043 2340 1089 2381 p.
1117 2328 1288 2369 1599A
1363 2326 1584 2384 γεύσομαι
1624 2325 1734 2370 libri
1773 2326 1866 2371 edd

177 2384 232 2427 cf.
266 2399 311 2440 p.
337 2388 511 2437 64o,13
658 2389 709 2426 11
751 2385 1005 2441 μεταβῆναι
1039 2401 1093 2442 με
1125 2387 1200 2429 δεῖ
1222 2386 1307 2430 Mo
1339 2385 1419 2429 sed
1451 2402 1505 2441 με
1535 2385 1587 2429 in
1615 2399 1750 2442 marg
1779 2385 1868 2440 m',

176 2443 365 2487 BMVa
395 2443 496 2487 Mor
545 2444 551 2497 Ι
600 2442 691 2486 ὑπὸ
728 2448 812 2499 γῆς
851 2457 925 2487 om
955 2445 1088 2489 MoB
1138 2445 1144 2497 Ι
1194 2451 1277 2501 γῆς
1310 2445 1367 2489 Vi
1406 2445 1486 2488 sed
1525 2450 1614 2500 γῆν
1653 2459 1870 2501 suprascr

175 2501 245 2544 m²
305 2508 392 2559 γῆν
416 2502 595 2546 HVVa
626 2501 694 2546 Re
753 2501 838 2558 τὴν
862 2508 950 2559 γῆν
976 2505 1067 2559 ΜΙ
1094 2502 1197 2561 τὴν]
1222 2503 1302 2547 καὶ
1333 2503 1435 2548 Mor
1578 2508 1631 2546 13
1666 2504 1749 2549 οὐκ
1782 2499 1869 2547 οὖν

177 2561 250 2604 La
300 2562 307 2616 Ι
357 2560 548 2618 βέλτιον,
581 2559 708 2617 φησί,
741 2567 1022 2617 μεταστῆναι
1061 2562 1226 2618 scripsi
1258 2562 1348 2606 coll
1378 2577 1423 2618 p.
1450 2567 1623 2616 649‚12
1686 2561 1867 2620 βέλτιον

179 2620 293 2675 φησὶ
331 2625 626 2675 παραστῆναι
656 2621 712 2664 Η
785 2620 961 2676 βέλτιον
997 2622 1252 2678 μεταβῆναι
1292 2622 1435 2677 φησὶν
1469 2623 1576 2666 ΡΜ
1646 2627 1865 2677 μεταστῆ-

178 2695 258 2722 ναι
290 2676 467 2736 βέλτιον
499 2679 643 2734 φησὶν
669 2679 878 2723 MoBLa
892 2681 959 2724 Va
990 2680 1091 2723 Mor
1123 2681 1202 2723 sed
1243 2680 1292 2723 in
1322 2681 1411 2723 hoc
1441 2697 1496 2736 γρ
1528 2682 1785 2738 μεταβῆναι
1815 2680 1864 2723 in

175 2750 309 2794 marg
369 2739 626 2795 μεταβῆναι
657 2737 835 2795 βέλτιον
862 2739 1006 2794 φησὶν
1039 2740 1095 2783 Vi
1156 2753 1299 2795 φησιν
1332 2737 1510 2797 βέλτιον
1541 2740 1796 2796 μεταβῆναι
1829 2739 1873 2782 V

177 2796 257 2839 sed
290 2798 434 2853 μεταβ
463 2796 512 2839 in
542 2810 618 2840 ras
647 2796 730 2851 m²‚
762 2797 829 2840 Re
905 2796 1084 2854 βέλτιον
1117 2798 1259 2854 φησὶν
1290 2798 1342 2842 ΟΖ
1373 2798 1454 2842 sed
1485 2799 1740 2855 μεταβῆναι
1771 2796 1865 2840 add

176 2854 246 2897 m4
367 2860 421 2898 14
452 2869 635 2899 versum
665 2854 783 2909 καλή
805 2853 850 2912 γ’
880 2855 1002 2907 ἴασις
1025 2863 1116 2900 τῶν
1149 2856 1451 2914 ἀτυχημάτων
1477 2854 1578 2912 ἐμοί
1602 2855 1868 2900 ευποΙοεΝἰῒ»

177 2912 381 2957 Kockius
409 2917 415 2970 Ι
444 2914 737 2972 ἀτυχούντων
762 2915 821 2958 H
824 2915 941 2959 VVa
