2010 3168
707 88 964 134 CEPHALI
996 88 1221 134 ORATIO
1702 91 1728 144 1
1739 91 1766 143 1
1773 90 1807 143 3

116 233 391 296 Timaeum,
404 230 638 280 Aristidis
657 246 778 293 quas
796 230 1091 295 singillatim
1108 231 1161 277 in
1178 233 1379 293 copiosa
1396 231 1576 280 codicis
1593 230 1807 294 descrip-

115 309 250 355 tione
280 305 493 354 Hermae
524 306 767 354 volumini
793 304 865 352 IX
896 322 942 367 p.
971 307 1038 353 24
1058 320 1128 367 sq.
1160 306 1349 353 inserta
1378 306 1600 354 recensui
1630 306 1744 353 inde
1778 322 1809 354 a

226 381 346 429 folio
360 381 466 428 290
481 379 706 443 λιβανίου
716 372 897 446 (rubr.)
911 378 1016 428 Οὐκ
1034 377 1227 428 ἀντεῖπε
1243 386 1308 428 τῶ
1327 380 1548 442 φιλίππω
1565 377 1807 444 γινομένω

114 452 414 519 ἀμφικτυόνι
446 450 471 501 ὁ
503 452 725 517 αἰσχίνης
757 452 908 516 μόνος
938 452 1188 517 πεμφθεὶς
1219 453 1517 519 πυλαγόρας,
1548 452 1631 502 καὶ
1662 452 1807 503 ἐπαν-

114 526 275 578 ελθὼν
298 527 511 592 κρίνεται
540 527 792 591 δημοσίων
817 525 1135 591 ἀδικημάτων
1151 522 1232 595 (=
1250 528 1579 590 decl.XVHp.
1596 529 1697 576 186
1711 523 1805 593 sq.)

228 604 356 651 296ν
397 601 623 666 λιβανίου
671 595 749 668 (in
788 618 943 667 marg.
975 595 1135 668 rubr.)
1183 601 1299 666 μετὰ
1347 600 1403 650 τὰ
1451 600 1503 650 ἐν
1549 602 1809 669 χαιρώνεια

114 675 301 740 ἔπεμψε
334 677 573 738 φίλιππος
606 675 997 741 ὑπισχνούμενος
1028 675 1143 736 τοὺς
1178 674 1363 741 χιλίους
1402 676 1735 741 αἰχμαλώτους
1767 676 1811 724 εἰ

114 750 256 815 λάβοι
303 748 638 814 δημοσθένην.
686 749 823 809 ἀξιοῖ
860 748 1179 814 δημοσθένης
1218 749 1508 800 ἐκδίδοσθαι
1542 745 1635 817 (=
1668 754 1703 799 t.
1737 750 1809 798 IV

230 818 362 947 29)9*
392 899 619 960 λιβανίου
660 893 842 965 (rubr.)
884 897 1000 963 μετὰ
1038 898 1095 947 τὰ
1134 897 1187 948 ἐν
1240 899 1521 964 χαιρωνεία,
1570 899 1809 962 φίλιππος

115 972 311 1037 ε’ξήτησε
345 972 681 1037 δημοσθένην.
712 971 740 1022 ὖ
772 973 929 1037 δῆμος
961 971 1108 1042 ᾔτησε
1139 971 1280 1022 πέντε
1309 970 1492 1038 ἡμέρας
1516 973 1584 1031 εἰς
1610 971 1809 1035 σκέψινε

116 1047 167 1096 ἐν
199 1048 396 1107 ταύταις
429 1044 454 1096 ὅ
479 1046 795 1111 δημοσθένης
820 1046 1160 1112 ἀποθνήσκειν
1185 1046 1323 1108 ἀξιοῖ
1339 1042 1434 1114 (=
1459 1052 1494 1097 t.
1519 1048 1590 1096 IV
1619 1049 1725 1095 240
1743 1040 1809 1114 R)

230 1124 361 1170 302ν
393 1122 620 1186 λιβανίου
646 1116 824 1189 (rubr.)
850 1121 1102 1187 φθονερὸς
1125 1131 1213 1172 τοῦ
1238 1123 1454 1188 γείτονος
1480 1121 1633 1171 αὐτοῦ
1659 1125 1810 1171 πλου-

115 1196 352 1259 τήσαντος
384 1194 622 1260 ἐξαίφνης
654 1195 830 1246 ἑαυτὸν
860 1195 1203 1262 προσαγγέλλει
1235 1192 1330 1263 (=
1355 1200 1390 1245 t.
1416 1197 1488 1245 IV
1517 1198 1617 1246 159
1638 1192 1706 1263 R)

230 1273 360 1319 307V
393 1271 672 1335 Παράσιτος
703 1269 783 1320 ἐπὶ
815 1271 1018 1320 δεῖπνον
1050 1270 1253 1335 κληθεὶς
1283 1275 1379 1320 κτλ.
1474 1270 1701 1335 λιβανίου
1734 1265 1811 1338 (in

115 1362 269 1410 marg.
294 1340 451 1411 rubin)
484 1339 580 1412 (=
604 1348 640 1393 t.
666 1345 738 1393 IV
767 1347 870 1395 150
889 1341 958 1411 R)

229 1421 333 1468 309
368 1419 644 1484 λιβανίου
679 1414 858 1486 (rubr.)
890 1422 1091 1469 Καλοῦ
1130 1420 1266 1483 βίου
1307 1418 1479 1485 γέρας
1517 1414 1674 1468 εἶναι
1713 1418 1810 1468 καὶ

116 1491 565 1558 ἀμφισβητοῦσι
604 1493 749 1559 πρὸς
788 1492 1080 1557 ἀλλήλους
1127 1492 1383 1557 κέφαλος
1430 1492 1527 1542 καὶ
1574 1491 1808 1558 ἀριστο-

117 1575 257 1629 φῶν.
311 1568 433 1616 Post
473 1569 643 1616 folium
690 1570 823 1617 313v
862 1569 995 1631 quod
1035 1569 1217 1617 desinit
1254 1570 1417 1618 verbis
1458 1567 1616 1634 ὥσπερ
1657 1566 1810 1632 οὑμὸς

116 1637 187 1707 (p.
217 1645 336 1704 177,
356 1637 448 1708 20)
483 1660 637 1690 unum
676 1643 850 1692 folium
890 1643 1071 1692 excidit
1111 1659 1208 1706 quo
1248 1643 1630 1692 continebantur
1660 1643 1811 1691 verba.

115 1716 224 1780 βίος
255 1714 357 1765 ἄνω
381 1745 453 1750 —
477 1716 529 1766 τὸ
562 1715 794 1782 ἀνάδημα
826 1717 896 1784 (p.
926 1719 1045 1780 184,
1066 1713 1120 1785 9)

229 1790 429 1849 314εἰς
452 1789 512 1839 τὸ
537 1789 812 1840 ε’ναντίον
836 1790 1092 1854 κέφαλος
1140 1792 1416 1856 λιβανίου
1441 1794 1492 1840 in
1511 1791 1807 1855 marg.rubr.

229 1867 333 1913 319
361 1866 640 1929 θεμιστίου;
665 1866 970 1931 προθεωρίαι
999 1865 1074 1916 Οὐ
1095 1865 1259 1929 δήπου
1277 1884 1333 1930 με
1350 1865 1408 1914 τὰ
1424 1864 1608 1931 θέατρα
1625 1862 1720 1932 (=
1739 1882 1808 1914 or.

116 1939 279 1986 XXVI
310 1957 357 2002 p.
386 1941 489 1988 376
526 1941 598 1988 ed.
632 1935 805 2006 Dind.)

229 2015 333 2062 322
366 2012 614 2063 ἐπιστολαὶ
637 2022 723 2063 τοῦ
750 2014 959 2080 μεγάλου
983 2015 1233 2079 βασιλείου
1258 2013 1340 2064 καὶ
1363 2015 1590 2080 λιβανίου
1615 2009 1806 2081 (rubr.).

115 2083 160 2135 α’
187 2114 255 2120 -
281 2084 367 2151 κβ’

230 2164 361 2210 324*
392 2160 500 2226 περὶ
531 2162 716 2220 πενίας.
748 2161 858 2228 περὶ
890 2162 1178 2229 φρονήσεως
1209 2167 1304 2212 κτλ.

230 2238 334 2285 327
368 2234 593 2295 ἐκδοθεὶς
624 2236 845 2298 φιλίππω
878 2235 1196 2300 δημοσθένης
1227 2235 1434 2299 ἀφεθεὶς
1465 2236 1547 2286 καὶ
1579 2236 1644 2301 μὴ
1670 2241 1806 2286 πολι-

115 2309 374 2374 τευόμενος
406 2311 619 2376 κρίνεται
650 2310 864 2374 δημοσία
895 2305 991 2377 (=
1015 2315 1050 2359 t.
1076 2311 1148 2358 IV
1176 2313 1282 2360 280
1301 2306 1368 2378 R)

230 2386 334 2433 335
369 2385 598 2433 συνεσίου
629 2382 874 2433 ἐπιστολαὶ
906 2383 1175 2434 ἐπισκόπου
1206 2385 1426 2451 κυρήνης

231 2460 335 2507 359
375 2458 664 2515 κατάστασις
702 2458 915 2524 ῥηθεῖσα
953 2458 1031 2508 ἐπὶ
1071 2467 1128 2524 τῆ
1171 2460 1368 2525 μεγίστη
1407 2466 1503 2508 τῶν
1542 2459 1806 2524 βαρβάρων

117 2530 280 2592 ἐφόδω
313 2530 696 2598 ἡγεμονεύοντος
728 2533 990 2597 γενναδίου
1022 2532 1103 2582 καὶ
1135 2533 1315 2592 δουκὸς
1354 2531 1495 2593 ὄντος
1532 2533 1803 2582 ι’νοκεντίου

156 2656 158 2658 .
231 2608 336 2655 360
368 2601 474 2655 κατ’
509 2604 819 2670 ἀνδρονίκου.

230 2680 516 2744 Sequuntur
546 2681 788 2742 epistulae
822 2681 1017 2743 Synesii
1049 2683 1246 2744 aliaque
1278 2698 1404 2744 quae
1436 2683 1467 2731 l.
1499 2683 1530 2729 1.
1563 2682 1800 2730 recensui.

230 2753 487 2804 Correctus
513 2758 586 2802 est
611 2754 800 2803 duabus
824 2756 1051 2804 manibus
1076 2772 1287 2818 quarum
1310 2758 1447 2818 prior
1464 2749 1582 2822 (m2)
1601 2755 1803 2803 librario

118 2831 342 2889 proxima
374 2832 464 2888 est,
496 2829 654 2876 altera
686 2822 806 2895 (m3)
838 2831 1083 2878 recentior
1114 2832 1391 2878 atramento
1422 2831 1561 2878 fusco
1594 2845 1682 2877 usa
1714 2831 1800 2877 est.
1886 2871 1897 2884 ,

120 2900 363 2962 Codicem‚
388 2905 528 2950 cuius
553 2902 696 2964 copia
711 2902 917 2951 Morello
935 2904 1071 2951 facta.
1087 2906 1176 2962 est,
1192 2904 1390 2951 demum
1406 2906 1520 2965 post
1539 2903 1803 2951 editionem

206 2993 400 3024 Innatus
425 2993 734 3025 ed.Foerster.
759 2993 826 3024 VI.
1421 2989 1448 3028 8
