2010 3168
946 590 1141 644 XXIII.

195 707 533 772 Ἐκδοθεὶς
594 712 893 782 Φιλίππῳ
947 711 1385 782 Δημοσθένης
1446 712 1551 767 καὶ
1612 713 1888 783 ἀφεθεὶς

385 799 464 867 μὴ
505 801 1017 867 πολιτευόμενος
1055 804 1351 870 κρίνεται
1391 803 1684 874 δημοσίᾳ.

779 933 1304 1003 <Δημοσθένης.>

114 1063 231 1108 RIV
246 1066 332 1106 280
496 1056 539 1107 1.
563 1052 768 1123 ’Ώιμην
805 1050 906 1120 μὲν
945 1055 1132 1122 ἔγωγε,
1171 1051 1212 1107 ὦ
1253 1056 1451 1126 ἄνδρες
1481 1059 1779 1124 Ἀθηναῖοι,
1817 1062 1892 1128 τῷ

155 1170 175 1203 5

134 1619 175 1650 10

201 1148 293 1201 διὰ
346 1147 447 1214 τὴν
495 1142 1039 1211 πολυπραγμοσύνην
1091 1143 1193 1211 τὴν
1248 1143 1334 1197 ἐπὶ
1387 1152 1486 1197 τοῦ
1542 1143 1723 1214 λέγειν
1774 1153 1886 1197 τῶν

198 1234 441 1305 ἐσχάτων
487 1233 767 1286 κινδύνων
820 1232 1197 1305 πεπειραμένω
1250 1230 1424 1302 μηδὲν
1477 1232 1886 1304 ἀσφαλέστερον

199 1319 341 1378 εἶναι
383 1330 614 1390 σιωπῆς,
663 1319 782 1388 ἐμοὶ
830 1317 891 1374 δὲ
942 1321 1260 1390 οὐδαμόθεν
1297 1318 1368 1392 ἦν
1413 1322 1756 1393 ἀφαμαρτεῖν
1804 1325 1884 1376 αι’-

197 1417 332 1481 τιάς,
371 1414 420 1466 εἰ
458 1412 529 1481 μὴ
568 1412 741 1478 μόνον
787 1413 1210 1480 πολιτευόμενος
1256 1408 1522 1480 ἑξεδόθην
1568 1409 1669 1482 ὑφ’
1711 1411 1882 1481 ὑμῶν.

199 1501 337 1556 ἀλλὰ
375 1499 466 1555 καὶ
505 1501 706 1553 τούτου
743 1500 1094 1569 παυσάμενος
1131 1502 1413 1571 κρίνομαι,
1463 1500 1602 1553 ὥστε
1639 1520 1733 1569 μοι
1771 1521 1884 1554 και-

200 1598 303 1644 νοῦ
344 1610 510 1658 τινος,
552 1589 602 1642 εἴ
637 1609 719 1651 τις
756 1584 844 1657 ἦν,
883 1589 972 1642 καὶ
1010 1589 1200 1659 τρίτου
1241 1589 1359 1642 δεῖν
1398 1592 1524 1658 βίου
1563 1591 1710 1659 παρὰ
1756 1591 1885 1653 τοὺς

317 1754 372 1797 Η
433 1774 489 1788 =
515 1750 670 1795 Codex
700 1749 1155 1806 Hierosolymitanus
1189 1749 1231 1793 S.
1258 1749 1466 1807 Sepulcri
1493 1754 1575 1794 107

326 1813 370 1855 V
435 1834 490 1848 =
514 1809 771 1871 Vaticanus
803 1824 870 1867 gr.
897 1813 982 1852 940

324 1871 393 1914 Va
435 1893 490 1907 =
514 1868 771 1926 Vaticanus
803 1883 870 1925 gr.
897 1873 952 1913 82

315 1932 360 1974 B
433 1952 488 1966 =
514 1928 794 1983 Barbetinus
817 1928 859 1971 Π
882 1934 936 1973 41

314 1991 414 2034 Par
431 2011 486 2026 =
511 1988 748 2032 Parisinus
781 2002 849 2044 gr.
880 1992 993 2032 3019

317 2051 404 2093 Μα
432 2070 486 2085 =
512 2047 800 2091 Matritensis
833 2051 963 2100 4679,
997 2047 1106 2091 olim
1139 2048 1278 2091 N-49

315 2109 361 2152 P
433 2130 488 2144 =
513 2104 751 2152 Parisinus
785 2121 851 2163 gr.
878 2111 994 2151 2998

316 2260 369 2299 10
402 2255 458 2299 cf.
483 2271 529 2312 p.
555 2260 654 2310 407,
674 2260 728 2298 13

318 2408 340 2447 1
375 2402 684 2459 Δημοσθένης
715 2404 915 2458 ἀφεθεὶς
946 2401 1036 2448 ὑπὸ
1071 2402 1300 2449 Φιλίππου
1333 2405 1412 2448 καὶ
1444 2405 1504 2461 μὴ
1529 2401 1879 2460 πολιτευόμενος

194 2460 400 2517 κρίνεται
431 2462 662 2506 Macarius
695 2462 760 2506 fol
785 2469 865 2508 82v
894 2465 900 2520 Ι
928 2464 1008 2508 καὶ
1039 2463 1214 2507 inserui
1245 2477 1269 2507 e
1302 2465 1520 2509 VaBPar
1588 2477 1662 2507 om
1688 2464 1739 2507 H
1750 2465 1878 2508 VMa

194 2524 240 2566 P
268 2521 359 2565 edd
409 2523 415 2578 Ι
464 2522 544 2565 καὶ
574 2523 682 2577 post
714 2522 912 2578 ἀφεθεὶς
946 2522 1056 2565 libri
1089 2523 1179 2566 edd
1242 2523 1392 2567 delevi
1513 2529 1538 2566 3
1570 2521 1879 2580 Δημοσθένης

195 2581 359 2637 scripsi
435 2595 509 2625 om
539 2580 650 2624 libri
726 2578 1062 2638 Δημοσθένους
1100 2580 1327 2639 ἀπολογία
1367 2582 1458 2626 edd
1600 2586 1627 2625 4
1659 2578 1693 2625 ὦ
1727 2596 1803 2625 om
1826 2583 1884 2626 H

315 2645 338 2683 7
378 2645 458 2695 τῆς
496 2642 604 2683 ante
643 2646 819 2695 σιωπῆς
853 2642 1070 2685 ῘῙαΒΡαὸ·
1212 2646 1237 2684 8
1277 2639 1628 2697 πολιτευόμενος
1658 2643 1758 2685 Par
1795 2642 1877 2684 sed

194 2698 551 2755 πολιτευόμενον
588 2698 638 2741 in
675 2712 811 2756 marg
848 2698 918 2742 m²
1053 2703 1078 2742 9
1119 2701 1198 2744 καὶ
1238 2714 1313 2743 om
1340 2702 1429 2745 Ma
1477 2702 1482 2757 Ι
1531 2708 1666 2744 τοῦτο
1691 2702 1737 2744 Ρ
1777 2699 1878 2743 Mor

195 2758 274 2800 sed
311 2759 479 2814 „libens
508 2759 741 2802 scriberem
770 2759 963 2803 τούτου“
1005 2758 1100 2803 Not
1131 2759 1198 2803 fol
1228 2759 1315 2803 Vlv
1459 2763 1513 2803 10
1553 2760 1670 2817 δεῖν]
1708 2756 1781 2815 „6’
1817 2755 1876 2815 ἦν

196 2818 325 2861 Mon.
358 2819 505 2861 nescio
538 2832 601 2861 an
631 2823 756 2862 reete.
789 2819 950 2874 quodsi
979 2819 1047 2861 ita
1085 2823 1168 2872 est,
1200 2820 1267 2863 ita
1298 2820 1357 2863 sit
1389 2819 1598 2876 leyendus
1627 2820 1700 2862 hie
1732 2821 1873 2863 loeus:

194 2875 271 2918 καὶ
309 2873 466 2930 τρίτου
506 2873 550 2919 δ’
593 2871 651 2932 ’ἦν
691 2874 822 2933 χρεία
861 2874 991 2934 βίου“
1031 2876 1099 2920 Re
1149 2880 1155 2933 Ι
1204 2875 1319 2933 παρ’
1366 2877 1535 2927 αὐτοὺς
1565 2879 1611 2922 Ρ
1649 2877 1751 2923 Mor
1793 2877 1875 2921 sed

197 2936 364 2990 „libens
393 2936 625 2981 scriberem
657 2935 784 2991 παρὰ
815 2936 948 2986 vobs-‘⁴
983 2934 1078 2979 Not
1109 2935 1138 2980 l.
1164 2936 1193 2979 1.
