2010 3168
548 76 879 122 INVECTIVA
910 76 975 120 IN
1005 75 1357 120 AESCHINEM
1685 76 1790 128 231

100 211 202 282 μὲν
255 212 578 281 Ἀθηναίων,
633 210 752 266 ἀλλ’
807 210 895 265 ἐπὶ
947 210 1178 283 Θρᾴκης.
1229 212 1503 274 τοιούτοις
1558 210 1795 280 ἐμαυτὸν

102 301 543 370 παρεμυθούμην
579 301 670 353 καὶ
702 294 835 368 περῖ
862 301 1094 368 Πύδνης
1123 298 1215 353 καὶ
1247 301 1531 369 Μεθώνης
1559 301 1652 353 καὶ
1682 309 1794 353 τῶν

100 392 284 443 ἄλλων
319 389 563 442 πάντων·
603 390 920 458 ἥρπασεν,
962 389 1312 457 ἐψεύσατο,
1359 389 1792 459 ἐπιώρκησεν,

99 479 423 547 ὑφείλετο.
464 479 839 546 κακούργου
870 478 1070 531 ταῦτά
1102 476 1306 545 ἐστιν,
1340 478 1414 531 οὐ
1447 477 1791 547 βασιλέως,

99 568 622 636 βαλαντιοτόμου
654 569 860 636 τινός,
886 567 1002 637 οὐχ
1032 567 1366 635 ἡγεμόνος.
1397 567 1535 637 πρὸς
1566 564 1879 638 δὲΙΒιΙΠ427

98 657 159 709 τὸ
198 662 307 708 νῦν
346 655 723 725 ἀποπνίγομαι
760 654 981 724 βλέπων
1020 657 1098 718 εἰς
1135 657 1201 708 τὰ
1238 655 1474 724 ὑμέτερα
1512 657 1791 723 πρόσωπα.
1839 677 1859 709 e

107 747 379 807 Φίλιππος
412 743 537 813 μεθ’
570 743 781 815 ἡμέραν
811 752 1081 798 τοσοῦτον
1112 747 1279 814 ἔργον
1308 744 1473 814 ᾔτησε
1504 742 1629 813 περὶ
1652 747 1793 796 Δελ-

100 835 244 901 φοὺς
274 832 365 886 καὶ
399 833 499 902 οὐχ
531 834 789 903 ἥμαρτεν,
822 834 960 887 ἀλλὰ
990 843 1102 887 τῶν
1132 834 1234 900 μὲν
1264 836 1560 902 λεγόντων,
1591 841 1691 886 τοῦ
1731 834 1794 886 δὲ

98 932 416 985 σιωπῶντος
454 926 701 992 εἴληφεν.
739 923 824 975 70.
864 920 906 976 ὦ
945 926 1275 977 Δευκαλίων
1319 921 1410 975 καὶ
1449 921 1793 991 Ἀμφικτύων

96 1009 187 1065 καὶ
225 1009 458 1078 Ἀκρίσιε
495 1009 587 1063 καὶ
628 1012 876 1081 Στρόφιε
914 1013 1006 1064 καὶ
1044 1011 1359 1081 Εὐρύλοχε,
1400 1011 1502 1065 οὐκ
1543 1010 1630 1064 ἐπὶ
1669 1012 1793 1063 ταύ-
1819 1033 1860 1065 10

97 1119 215 1162 ταις
253 1108 373 1162 ταῖς
412 1098 595 1153 ἐλπίσι
635 1103 704 1152 σὺ
736 1100 839 1169 μὲν
869 1099 1197 1168 κατέδειξας,
1229 1101 1289 1153 015
1323 1100 1384 1153 δὲ
1415 1100 1791 1154 ἀνενεώσαντο

0 1203 7 1206 ’
96 1190 158 1242 τὸ
190 1195 297 1242 νῦν
328 1188 735 1257 καταγέλαστον
768 1188 1079 1259 συνέδριον.
1110 1189 1280 1242 πάλιν
1310 1192 1597 1258 Κιρραῖοι,
1625 1190 1794 1242 πάλιν

89 1276 530 1347 Ἀκραγαλλίδαι,
570 1280 782 1345 μᾶλλον
814 1275 876 1330 δὲ
907 1281 1092 1349 πολλῷ
1126 1279 1425 1345 δεινότερα.
1466 1279 1518 1331 οἱ
1553 1275 1656 1347 μὲν
1686 1279 1791 1347 γὰρ

95 1363 306 1430 ἔξωθεν
351 1367 788 1435 προσπίπτοντες
833 1375 950 1429 τοῖς
990 1367 1239 1420 Πυθῶδε
1289 1368 1473 1420 ἰοῦσιν
1521 1367 1550 1419 ὅ
1592 1387 1644 1419 τι
1692 1368 1790 1420 δύ-

96 1475 288 1508 ναιντο
337 1453 660 1525 ἐλῄστευον,
706 1455 735 1508 ὁ
776 1456 838 1508 δὲ
884 1457 949 1508 οὐ
1004 1461 1243 1525 θεωροῖς
1296 1471 1442 1509 τισιν
1495 1455 1794 1524 ἐνοχλήσας
1819 1477 1859 1510 15

98 1544 231 1598 οὐδὲ
269 1543 541 1614 ἀργύριον
578 1543 611 1612 ἢ
653 1552 849 1607 σκεῦος
899 1543 1213 1614 ὁδοιπόρων
1257 1544 1622 1614 ὑφελόμενος,
1669 1543 1788 1598 ἀλλ’

86 1631 369 1687 Ὄλυνθον
414 1632 507 1686 καὶ
554 1635 845 1702 Μεθώνην
882 1632 974 1686 καὶ
1006 1631 1383 1686 Ἀπολλωνίαν
1421 1633 1512 1686 καὶ
1552 1634 1656 1686 δύο
1702 1634 1792 1687 καὶ

97 1722 392 1790 τριάκοντα
438 1724 625 1785 πόλεις
672 1723 763 1775 καὶ
810 1731 1026 1791 πρῶτος
1074 1723 1384 1790 εἰσαγαγὼν
1429 1724 1604 1791 νόμον
1649 1719 1791 1775 εἶναι

96 1813 312 1864 πόλεων
350 1811 579 1881 πράσεις
616 1810 708 1864 ὑπ’
757 1811 941 1864 αὐτῶν
978 1821 1092 1864 τῶν
1136 1810 1585 1879 πεπιστευμένων
1629 1812 1792 1880 τιμὴν

95 1899 277 1969 <τῶν>
301 1899 652 1967 ἀδικημάτων
683 1903 792 1969 ἔχει
823 1898 914 1953 καὶ
944 1899 1176 1968 γέγονεν
1215 1899 1556 1970 ἀμφικτύων.
1590 1901 1675 1952 71.
1699 1898 1789 1953 καὶ
1815 1922 1857 1953 20

94 1990 242 2057 παρὰ
280 1988 381 2055 μὲν
423 1987 651 2057 ἑκάστης
688 1998 801 2042 τῶν
839 1991 1052 2042 πόλεων
1097 1990 1233 2042 κατὰ
1278 1998 1390 2042 τῶν
1436 1998 1696 2059 πονηρῶν
1734 1990 1790 2041 αἱ

216 2153 240 2191 9
274 2148 332 2191 ef.
364 2163 408 2205 p.
436 2153 583 2203 215‚4
729 2153 784 2193 10
828 2148 979 2193 Strab.
1003 2148 1068 2192 IX
1099 2153 1198 2192 420.
1239 2153 1339 2193 421.
1389 2149 1532 2194 schol.
1572 2149 1679 2192 Eur.
1714 2147 1788 2193 Or.

98 2211 224 2251 1094.
259 2206 438 2251 Gallim.
472 2222 543 2264 ep.
569 2211 640 2263 40,
660 2213 682 2251 1
702 2223 769 2264 sq.
894 2212 947 2252 13
979 2208 1194 2252 Aeschin.
1231 2207 1350 2252 Ctes.
1383 2213 1407 2262 ξ
1435 2213 1532 2252 107.
1565 2208 1788 2265 Harpoer.

96 2281 132 2311 ει.
156 2281 196 2311 v.
229 2265 553 2322 Κραυαλλίδαι
677 2272 731 2311 16
765 2282 832 2324 sq.
866 2267 923 2312 ef.
957 2267 1088 2312 Dem.
1122 2267 1239 2311 Phil.
1265 2267 1329 2311 ΠΙ
1358 2283 1404 2324 p.
1433 2272 1532 2321 117,
1552 2272 1605 2311 19
1624 2282 1690 2324 sq.

216 2419 239 2458 1
264 2414 446 2465 τούτοις
463 2415 553 2459 Μα
674 2420 699 2458 3
731 2413 888 2459 τόπων
906 2417 997 2460 Ma
1117 2420 1145 2459 4
1169 2414 1388 2474 βασιλέως
1411 2415 1513 2459 Mor
1574 2415 1788 2473 βασιλικοί

96 2471 207 2516 libri
329 2478 354 2516 5
371 2487 484 2518 voce
500 2472 866 2531 βαλαντιοτόμου
882 2474 959 2518 inc
974 2476 1024 2519 D
1147 2478 1172 2517 6
1190 2473 1387 2531 ἡμέτερα
1402 2475 1496 2519 Ath
1617 2478 1641 2516 7
1659 2473 1789 2528 παρὰ

97 2533 187 2576 Ma
288 2536 315 2576 8
332 2548 415 2577 του
427 2535 472 2577 Ρ
580 2537 606 2576 9
624 2534 899 2590 ἀμφικτυών
913 2535 1146 2579 AthPMa
1205 2533 1470 2590 ἀμφικτύον
1482 2534 1533 2577 D
1650 2538 1700 2576 11
1722 2533 1787 2576 ἐλ-

96 2588 225 2636 πίσιν
253 2592 341 2636 Μα
367 2596 374 2647 Ι
402 2592 719 2636 ἀνενεώσαντο
751 2592 917 2649 scripsi
957 2595 1146 2637 auctore
1183 2592 1394 2637 Iacobsio
1425 2592 1532 2649 App
1563 2591 1676 2636 Pors
1702 2596 1788 2635 324

95 2649 208 2694 Lect
231 2654 316 2693 216
342 2650 438 2694 Rev
462 2654 547 2694 427
610 2651 902 2696 ἀνεσώσαντο
933 2651 1045 2695 libri
1069 2652 1160 2695 edd
1283 2656 1336 2695 13
1371 2650 1423 2697 δὲ
1451 2664 1528 2695 om
1554 2652 1643 2696 Ma
1669 2653 1676 2708 Ι
1704 2650 1788 2707 μέν

95 2724 145 2764 γε
164 2710 304 2754 MaD
428 2714 482 2753 14
507 2709 700 2754 δύναιτο
717 2710 820 2755 Μοι·
941 2715 995 2754 15
1020 2709 1263 2765 ἐλῄστευον
1275 2711 1368 2756 PD
1392 2710 1495 2755 Mor
1617 2714 1671 2753 16
1695 2717 1786 2753 τῶν

97 2769 206 2811 ante
238 2766 502 2823 ὁδοιπόρων
525 2770 572 2813 Ρ
601 2769 692 2812 edd
768 2769 921 2813 delevi
968 2770 975 2827 Ι
1024 2769 1309 2827 ὑφελόμενος
1338 2768 1506 2826 soz-ipsi
1537 2782 1562 2813 e
1588 2769 1727 2814 MaD

97 2825 381 2882 ἀφελόμενος
397 2828 540 2872 AthP
559 2827 650 2872 edd
773 2833 826 2872 19
858 2826 944 2872 ἀπ’
974 2830 1022 2872 et
1045 2827 1413 2886 λελῃστευμένων
1436 2828 1504 2872 Re
1528 2828 1669 2873 Anim

97 2888 153 2927 20
183 2891 276 2929 τῶν
305 2885 480 2929 inserui
505 2889 696 2931 auctore
718 2886 786 2930 Re
848 2901 923 2931 om
953 2886 1063 2931 libri
1095 2887 1187 2932 edd
1214 2890 1220 2943 Ι
1247 2887 1522 2944 ἀμφικτυών
1547 2887 1689 2931 AthP
