2010 3168
572 118 876 164 APOLOGIA
907 115 1334 161 DEMOSTHENIS
1691 114 1798 167 389

113 261 252 326 Δία,
290 255 409 311 ἀλλ’
454 251 498 328 ᾧ
536 252 639 323 μὲν
679 252 810 308 οὐδὲ
848 254 950 322 τὴν
988 251 1163 323 ἀρχὴν
1202 252 1409 322 ἐπῆλθε
1450 252 1629 320 λέγειν
1669 252 1801 306 οὐδὲ

114 347 350 410 δυνατὸς
387 352 550 399 τοῦτο
598 353 780 397 ποιεῖν
828 339 960 396 οὐδὲ
1008 341 1418 411 ἐπολιτεύσατο,
1466 343 1802 412 συγγνώμην

112 439 260 506 ἔχειν
298 435 327 489 ὁ
368 435 539 502 δῆμος
576 433 794 501 εἴωθεν,
835 431 939 501 ἐγὼ
974 428 1035 484 δὲ
1074 432 1164 484 καὶ
1197 431 1375 501 ῥήτωρ
1409 429 1489 484 ὢν
1519 429 1609 484 καὶ
1641 429 1802 495 τάξας

113 523 351 593 ἐμαυτὸν
403 523 609 591 ταύτην
661 522 763 590 τὴν
815 519 969 585 τάξιν
1022 519 1324 590 ἀναχωρῶν
1377 529 1472 590 τῆς
1524 521 1800 583 πολιτείας

112 614 324 667 ἀδικεῖν
370 613 681 679 νομίζομαι,
729 611 936 681 ὥσπερ,
984 610 1032 662 εἰ
1077 608 1322 679 πράξεώς
1367 629 1449 672 τις
1493 610 1669 678 ἥψατο
1709 607 1800 662 καὶ
1847 628 1867 661 5

110 699 399 773 προσῆλθέ
447 721 522 773 τῳ
576 709 688 754 τῶν
743 699 1209 769 ἐπιτηδευμάτων,
1264 697 1567 767 ἀναγκαῖον
1621 698 1687 752 ὂν
1740 697 1802 752 ἐν

110 792 286 861 τούτῳ
324 792 641 859 καταβιοῦν,
680 787 800 842 ἀλλ’
846 789 913 843 οὐ
951 787 1109 858 μέχρι
1154 808 1236 851 τις
1282 788 1538 856 βούλεται
1585 786 1675 841 καὶ
1716 787 1802 856 ἐγ-

111 889 298 951 χωρεῖ,
360 886 532 932 ταῦτα
592 879 923 949 προκείμενα
983 885 1098 940 τοῖς
1159 875 1490 948 ἐλευθέροις.
1563 876 1649 932 25.
1712 878 1802 931 καὶ

110 971 350 1032 πολλοὺς
383 974 542 1038 ἴσμεν
574 967 632 1021 ἐκ
665 969 1001 1036 φιλοσοφίας
1033 965 1369 1030 ἐπελθόντας
1407 973 1481 1038 τῷ
1520 968 1673 1039 δήμω
1708 968 1802 1036 δη-

110 1068 399 1128 μηγορεῖν,
450 1058 632 1127 ὥσπερ
674 1055 849 1127 φασὶν
894 1054 1110 1110 ἐκεῖνον
1148 1056 1518 1125 Ἀλκιβιάδην,
1565 1058 1694 1118 τοὺς
1741 1052 1802 1109 δὲ
1828 1075 1869 1107 10

111 1145 522 1215 ἀπαλλαγέντας
570 1145 629 1200 ἐκ
675 1145 840 1215 μέσης
885 1153 980 1214 τῆς
1025 1146 1326 1213 πολιτείας,
1373 1145 1526 1208 οἵους
1564 1147 1803 1208 πολλοὺς

110 1236 252 1306 ἔχων
306 1238 480 1290 εἰπεῖν
535 1235 725 1305 ἀρκεῖν
770 1235 941 1288 αὐτὸν
986 1234 1359 1303 ὑπολαμβάνω
1406 1235 1506 1287 τὸν
1554 1236 1801 1288 Σόλωνα.

110 1325 320 1389 ἐκεῖνος
358 1326 462 1394 γὰρ
503 1324 604 1394 οὐχ
645 1324 827 1393 ὥσπερ
870 1344 953 1386 τις
991 1325 1155 1387 ἄλλος
1194 1331 1290 1393 τῆς
1327 1325 1606 1388 πολιτείας
1644 1344 1801 1394 μετα-

113 1416 285 1486 σχών,
332 1412 448 1468 ἀλλ’
505 1413 670 1477 αὐτὸς
708 1413 883 1483 αὐτὴν
922 1415 1263 1482 καταστήσας
1300 1413 1391 1466 καὶ
1429 1415 1559 1476 τοὺς
1598 1415 1803 1482 νόμους

110 1502 233 1567 θεὶς
270 1512 336 1574 τῇ
375 1505 530 1556 πόλει
570 1501 660 1556 καὶ
699 1501 889 1572 μανεὶς
926 1499 1066 1573 ὑπὲρ
1105 1501 1287 1572 ὑμῶν,
1334 1500 1506 1571 ἐμάνη
1554 1503 1657 1571 γὰρ
1710 1501 1800 1556 καὶ
1827 1520 1868 1554 15

111 1593 140 1647 ὁ
180 1595 382 1647 Σόλων
423 1592 496 1655 ὡς
536 1591 660 1660 ἐγώ,
702 1590 776 1645 ὅτ’
825 1589 1014 1656 ἔδοξεν
1062 1591 1236 1664 αὐτῷ,
1282 1592 1631 1661 παυσάμενος
1678 1593 1802 1645 τού-

110 1701 210 1735 του
248 1689 348 1736 τοῦ
387 1682 516 1751 βίου
564 1680 825 1735 ἀπελθὼν
874 1680 1145 1734 ἐπλανᾶτο
1191 1682 1283 1734 καὶ
1327 1682 1618 1751 πράγματα
1664 1682 1802 1734 ἄλλα

111 1772 353 1841 ἔπραττε.
393 1771 475 1833 τίς
514 1765 618 1823 οὗν
655 1768 874 1838 ἔκρινεν
913 1770 1086 1824 αὐτὸν
1126 1768 1341 1834 ἐξιόντα
1378 1778 1473 1839 τῆς
1503 1773 1802 1840 πολιτείας,

228 1924 255 1960 4
288 1917 344 1960 cf.
371 1932 417 1974 p.
435 1921 571 1971 328,1
697 1921 750 1959 15
783 1915 841 1960 cf.
866 1931 910 1973 p.
930 1920 1111 1973 433‚12.
1146 1916 1266 1961 plut.
1294 1916 1384 1961 Sol.
1404 1921 1482 1972 8,2
1606 1921 1659 1961 17
1693 1917 1799 1961 Her.

109 1976 130 2020 I
157 1981 228 2021 29.
261 1977 403 2021 Arist.
436 1989 533 2033 rep.
559 1975 667 2020 Ath.
695 1980 765 2031 11,
784 1981 807 2019 1

231 2115 252 2153 1
288 2108 403 2166 μηδὲ
431 2110 520 2154 Μα
553 2111 560 2166 Ι
598 2108 834 2168 τηναρχὴν
859 2110 905 2153 Β
1026 2114 1051 2153 2
1085 2107 1192 2154 οὐδ’
1220 2111 1325 2154 HV
1439 2114 1466 2152 4
1498 2110 1677 2167 ἐμαυτῶ
1704 2111 1808 2155 HV

120 2170 337 2214 VaBPar
363 2171 369 2225 Ι
398 2169 623 2226 ἀναχωρῶ
650 2169 959 2214 VaBParMa
1079 2173 1105 2212 5
1137 2167 1381 2226 νομίζομαι
1413 2170 1579 2226 scripsi
1611 2171 1800 2213 auctore

111 2227 283 2273 Cobeto
324 2227 425 2272 Coll
456 2233 541 2273 289
617 2226 753 2272 τοῦτό
793 2244 847 2284 με
885 2227 997 2271 libri
1036 2227 1128 2273 edd
1170 2230 1251 2273 sed
1290 2227 1510 2285 κρίνομαι
1550 2229 1654 2273 coni
1685 2229 1800 2282 Mor,

110 2291 233 2333 δοκῶ
264 2288 339 2333 vel
371 2284 556 2343 δοκοῖμ’
592 2286 652 2332 ἄν
682 2287 846 2331 Iacobs
877 2287 991 2331 Lect
1023 2291 1106 2332 107
1139 2288 1237 2332 Rev
1268 2292 1294 2332 5
1330 2290 1337 2344 Ι
1371 2288 1582 2344 πράξεως
1611 2286 1681 2339 τίς
1705 2290 1795 2333 Η’

110 2364 154 2392 τι
186 2348 230 2391 V
368 2351 394 2390 6
430 2349 669 2403 προσῆλθε
699 2354 762 2391 τῶ
797 2347 864 2392 Va
924 2349 1177 2423 προσῆλθε
1193 2345 1239 2392 τί
1262 2348 1369 2393 HV
1410 2350 1416 2394 Ι
1465 2364 1526 2406 τῳ
1559 2361 1634 2391 om
1657 2349 1757 2392 Par
1790 2350 1796 2405 Ι

110 2402 195 2450 οὖν
219 2406 276 2450 Η
303 2406 384 2450 sed
418 2413 472 2450 οῦ
504 2406 554 2450 in
585 2419 675 2460 rae,
709 2407 754 2451 V
867 2411 890 2449 7
926 2422 981 2451 ου
1006 2407 1064 2451 Η
1091 2409 1097 2463 Ι
1135 2406 1206 2459 τίς
1228 2408 1285 2452 H
1291 2407 1507 2453 VaParP
1537 2409 1544 2464 Ι
1580 2415 1804 2464 συγχωρεῖ

111 2466 248 2511 ΜαΡ
275 2466 376 2510 Mor
498 2469 524 2509 8
561 2466 765 2522 „videtur
794 2466 859 2510 sic
882 2466 962 2523 leq
996 2463 1150 2511 καίτοι
1181 2466 1379 2518 πολλοὺς
1410 2465 1553 2523 ἴσμεν,
1584 2467 1694 2517 τοὺς
1716 2466 1799 2522 μὲν

110 2523 160 2568 ἐκ
192 2521 473 2582 φιλοσοφίας
509 2500 806 2577 ἀπελθόντας
837 2527 937 2582 (aut
967 2524 1260 2583 ἐξελθόντας)
1292 2526 1369 2571 ἐπὶ
1406 2529 1469 2586 τῷ
1501 2527 1552 2571 ἐν
1583 2528 1645 2584 τῷ
1670 2525 1799 2584 δήμῳ

109 2585 415 2641 δημηγορεῖν“
450 2584 519 2627 Re
661 2588 687 2627 9
721 2582 850 2641 ἴσμεν
882 2584 1047 2641 scripsi
1080 2586 1269 2630 auctore
1299 2585 1368 2629 Re
1441 2572 1527 2642 ’μὲν
1558 2571 1668 2628 libri
1700 2585 1799 2640 (sed

109 2657 183 2686 om
219 2644 275 2699 V)
307 2643 398 2687 edd
426 2645 432 2698 Ι
459 2640 768 2700 μετελθόντας
801 2645 1020 2689 VaBPar
1142 2648 1196 2688 10
1229 2642 1273 2688 δ’
1306 2645 1410 2689 HV
1527 2649 1579 2687 11
1612 2649 1693 2699 τῆς
1724 2657 1799 2688 om

111 2703 217 2746 HV
332 2707 386 2746 13
420 2702 555 2753 ἄλλος
585 2718 654 2752 τις
680 2703 769 2747 Ma
811 2705 817 2759 Ι
851 2700 921 2753 τίς
944 2704 1004 2748 H
1118 2707 1173 2747 14
1205 2703 1345 2754 αὐτὸς
1367 2729 1425 2737 ——
1451 2700 1621 2759 νόμους
1655 2701 1807 2746 bisV

109 2761 257 2805 ParP
275 2761 344 2805 Re
406 2761 603 2805 alterum
629 2760 780 2806 delevi
812 2776 917 2806 cum
935 2761 1116 2806 Sinteni
1140 2765 1188 2807 et
1205 2762 1378 2807 Cobeto
1502 2766 1555 2805 16
1581 2761 1605 2806 ὁ
1630 2774 1704 2804 om
1728 2763 1796 2806 Va

110 2821 156 2864 B
184 2823 190 2875 1
220 2817 292 2864 ὅτε
324 2821 544 2865 VaBPar
570 2822 576 2877 1
605 2819 678 2865 ὅτε
710 2818 856 2873 δόξαν
880 2819 1026 2866 Cobet,
1059 2823 1066 2879 1
1094 2822 1218 2880 αὐτῷ
1250 2821 1529 2866 παύσασθαι
1561 2820 1666 2864 coni
1697 2821 1799 2865 Mor

113 2878 120 2936 Ι
158 2880 288 2934 „som
321 2879 402 2922 καὶ
432 2878 754 2952 παυσάμενος“
790 2879 856 2923 Re
979 2885 1033 2923 18
1070 2882 1200 2938 „sm-t.
1231 2879 1276 2924 τί
1307 2877 1414 2935 οὖνς
1448 2880 1628 2935 ἔκρινεν
1653 2878 1798 2924 αὐτόν

109 2940 203 2988 τις“
231 2937 299 2981 Re
360 2932 391 2992 ἦ
421 2954 490 2988 τις
521 2935 607 2983 οὖν
638 2937 800 2983 Iacobo
834 2938 946 2984 Lect
979 2943 1060 2984 107
1070 2916 1192 2985 ”Rev
1223 2945 1249 2984 5
