2010 3168
223 131 333 184 432
654 133 882 177 LIBANII
911 133 1302 179 DECLAMATIO
1334 134 1483 178 XXIII

224 267 363 336 λέγω
405 268 466 322 δὲ
504 268 684 323 οὐδέν.
726 269 811 322 87.
851 267 892 323 ὦ
934 268 1170 323 δέσποτα
1206 271 1459 340 Φίλιππε,
1497 279 1779 340 πανταχοῦ
1810 269 1912 340 μὲν

223 357 384 428 πάρει
423 356 513 410 καὶ
553 366 832 428 πανταχοῦ
878 355 980 429 μὲν
1018 358 1172 430 ὁρᾷς,
1220 360 1398 413 πάντα
1450 360 1511 413 δὲ
1557 360 1798 428 ἀκούεις,
1845 362 1910 414 τὰ

222 444 350 514 παρ’
395 449 706 515 Ἀθηναίοις
743 448 991 514 μάλιστα.
1032 446 1150 501 οὐδ’
1198 448 1363 511 αὐτὸς
1400 449 1502 518 μὲν
1541 458 1753 518 σιωπῶ,
1798 460 1910 513 τοῖς

225 535 286 587 δὲ
338 534 632 603 ὑποβάλλω
688 537 1023 607 δημηγορίας
1077 535 1167 590 καὶ
1220 540 1562 608 ψηφίσματα,
1620 538 1757 591 ἀλλά
1818 558 1911 608 μοι

179 644 199 676 5
224 631 490 677 σιωπᾶται
521 628 732 693 μᾶλλον
763 625 795 694 ἢ
827 636 945 688 ταῖς
977 625 1238 688 ἁλούσαις
1261 626 1507 695 ἀηδόσιν.
1541 624 1672 679 οὐδὲ
1697 628 1799 696 γὰρ
1827 628 1912 680 δεῖ

223 711 405 781 λέγειν
451 714 657 767 δοῦλον
705 714 923 785 ῥήτορα.
980 715 1064 768 88.
1105 714 1210 784 ἐγὼ
1252 712 1312 768 δὲ
1359 714 1449 768 καὶ
1492 714 1730 786 ἐμαυτὸν
1770 712 1908 770 οἶδα.

223 802 325 854 οῦκ
379 803 488 869 εἰμι
536 802 714 873 ῥήτωρ
763 803 1025 873 ἀσφαλής.
1074 806 1356 873 φοβοῦμαι
1400 805 1473 873 μὴ
1525 803 1701 873 λέγων
1739 804 1910 876 ἁμάρ-

222 911 295 943 τω
335 893 371 960 ἤ
407 910 459 944 τι
505 893 856 962 θρασύτερον
902 891 1131 957 ἐξελθὸν
1178 894 1324 963 λάθῃ
1363 914 1428 964 με
1476 895 1910 964 δημηγοροῦντα.

134 984 253 1029 RIV
271 989 355 1028 322
404 980 503 1033 οὐκ
550 979 665 1035 ἔστι
714 979 774 1034 δὲ
822 982 948 1035 οὔτε
983 981 990 1054 Ι
1023 981 1336 1055 τεμνομένῳ
1390 984 1461 1052 μὴ
1517 982 1730 1036 στένειν
1783 984 1910 1037 οὔτε

156 1090 199 1122 10
222 1067 322 1138 ὑφ’
372 1069 528 1136 ὑμῶν
573 1070 914 1144 κελευομένῳ
963 1073 1035 1141 μὴ
1083 1071 1278 1141 λέγειν.
1333 1069 1412 1124 ἔτι
1460 1068 1521 1125 δὲ
1566 1071 1655 1125 καὶ
1703 1073 1764 1125 τὸ
1814 1080 1910 1142 τῆς

222 1160 465 1227 γλώττης
517 1157 650 1223 ἔθος
705 1159 943 1227 ἐμαυτοῦ
999 1160 1235 1214 δέδοικα.
1299 1159 1360 1214 ἐν
1416 1162 1603 1224 ἄλλοις
1655 1161 1910 1230 ἠσκήθην

223 1249 422 1315 λόγοις.
485 1246 582 1301 ἐὰν
644 1251 721 1311 εἰς
782 1248 1028 1312 ἐκείνους
1080 1248 1170 1303 καὶ
1225 1257 1333 1303 νῦν
1387 1248 1680 1319 ἑξολίσθω,
1740 1251 1910 1305 πάλιν

223 1333 455 1408 ᾠχόμην.
510 1336 630 1391 ἐᾶτε
678 1339 747 1407 δή
793 1358 858 1405 με
905 1340 1139 1408 βεβαίως
1192 1347 1421 1393 σιωπᾶν.
1476 1341 1526 1393 εί
1576 1339 1677 1409 μὲν
1727 1345 1910 1408 φιλῶν

220 1444 303 1488 τις
342 1425 603 1495 ἐπιθυμεῖ
640 1447 748 1496 μου
787 1428 954 1481 πάλιν
993 1427 1223 1482 ἀκοῦσαι
1272 1430 1743 1499 δημηγοροῦντος,
1790 1449 1908 1498 φει-

341 1636 366 1675 5
410 1631 589 1675 Aelian.
629 1633 726 1676 nat.
759 1632 898 1676 anim.
931 1633 995 1695 III
1018 1637 1086 1677 40.
1135 1632 1353 1677 Philostr.
1386 1633 1467 1678 vit.
1502 1633 1629 1690 soph.
1656 1634 1675 1675 Ι
1709 1638 1762 1677 21

342 1830 366 1868 2
399 1832 541 1881 παρεῖ
562 1825 608 1868 P
635 1825 717 1869 sed
747 1825 796 1868 in
828 1825 969 1882 πάρει
1001 1839 1102 1869 corr
1132 1826 1201 1868 m²
1228 1826 1234 1884 Ι
1263 1825 1345 1882 μὲν
1371 1840 1445 1870 om
1469 1828 1568 1871 Par
1629 1841 1681 1882 με
1708 1827 1797 1871 Ma
1824 1827 1829 1882 Ι
1858 1824 1902 1871 δ’

232 1885 317 1929 VP
336 1884 428 1928 edd
548 1888 574 1927 3
605 1884 735 1940 παρὰ
759 1886 804 1928 Β
864 1885 970 1942 περὶ
996 1885 1064 1930 Va
1092 1888 1098 1942 Ι
1127 1892 1310 1929 σιωπῶν
1334 1887 1434 1930 Par
1552 1891 1580 1928 4
1613 1886 1681 1943 δὲ]
1708 1882 1792 1941 μὲν
1819 1886 1908 1930 Μα

227 1943 230 2002 Ι
266 1943 346 1987 καὶ
377 1957 452 1987 om
484 1943 703 1988 VaBPar
822 1949 847 1988 5
882 1951 1082 1989 σιωπᾶτε
1107 1945 1196 1989 Ma
1230 1946 1236 2001 Ι
1276 1943 1326 1990 δὲ
1357 1946 1464 2001 post
1495 1947 1665 2002 μᾶλλον
1691 1946 1736 1988 Ρ
1763 1944 1864 1988 Mor
1899 1948 1904 2002 Ι

223 2001 440 2053 ἁλούσαις
483 2003 648 2059 scripsi
691 2005 880 2047 auctore
919 2004 987 2047 Re
1031 2018 1135 2047 cum
1172 2004 1382 2048 Iaeobsio
1421 2004 1528 2047 Add
1562 2009 1645 2047 119
1686 2004 1796 2047 Lech
1823 2008 1906 2047 110

222 2062 319 2104 Rev
352 2066 377 2104 6
409 2064 456 2106 eb
487 2062 659 2106 Cobelzo
693 2061 793 2107 Coll
825 2068 906 2106 291
987 2063 1213 2114 ἀδούσαις
1242 2063 1351 2106 libri
1420 2061 1646 2123 ᾀδούσαις
1676 2063 1767 2106 edd

223 2125 248 2163 6
293 2117 402 2165 οἶδα
443 2121 493 2164 in
534 2135 666 2177 marg
698 2122 797 2166 Par
945 2127 971 2165 8
1017 2121 1045 2179 ἢ
1088 2121 1134 2167 τί
1164 2124 1223 2167 Η
1228 2123 1443 2168 VaParP
1488 2123 1494 2180 Ι
1546 2122 1736 2175 ἐξελθὸν
1779 2121 1906 2181 λάθῃ

223 2179 385 2236 scripsi
418 2182 607 2224 auctore
637 2181 847 2225 Iacobsio
879 2181 986 2225 Add
1012 2187 1094 2225 129
1126 2182 1224 2226 Rev
1249 2187 1274 2225 6
1337 2180 1500 2240 ἐξέλθῃ
1534 2181 1644 2224 libri
1676 2181 1766 2224 edd
1794 2183 1800 2237 Ι
1827 2198 1905 2238 μοι

224 2240 313 2283 Μα
350 2241 372 2341 Ι
417 2240 569 2297 φυγὸν
600 2243 707 2296 Ροεΐ,
738 2257 791 2296 με
823 2241 1049 2285 excidisse
1082 2241 1185 2285 coni
1216 2241 1284 2284 Re
1428 2245 1453 2284 9
1495 2241 1579 2284 οὐκ
1619 2240 1711 2284 ἔστι
1750 2241 1800 2285 δὲ
1833 2238 1907 2285 ὅτε

901 2298 1162 2316 99999

222 2298 348 2354 ὑπομ
373 2316 436 2342 νω
477 2299 537 2356 μὴ
570 2298 764 2344 στένειν·
799 2299 859 2350 ὡς
891 2317 915 2345 ο
948 2317 1016 2355 αφ
1070 2317 1199 2356 υμων
1239 2299 1299 2356 μὴ
1336 2299 1533 2357 ἑώμενος
1563 2299 1710 2357 λέγειν
1736 2300 1780 2342 Ρ
1806 2299 1908 2343 Mor

223 2357 303 2400 sed
336 2358 421 2401 οὐκ
455 2357 546 2402 ἔστι
579 2358 629 2401 δὲ
662 2358 766 2402 οὔτε
804 2358 1064 2416 τεμνομένω
1098 2358 1237 2416 (ἔστιν
1280 2358 1385 2403 οὔτε
1416 2357 1644 2418 γενομένῳ
1689 2358 1812 2414 Mor)
1846 2358 1907 2415 μὴ

223 2415 396 2461 στένειν
428 2416 538 2473 μήτε
571 2415 711 2473 (μήθ’
747 2418 872 2475 Mor)
912 2415 995 2475 ὑφ’
1031 2420 1158 2474 ὑμῶν
1190 2417 1446 2475 κλαιομένω
1484 2417 1763 2476 (καλουμένῳ
1787 2417 1904 2474 Mor)

222 2475 280 2531 μὴ
306 2473 454 2531 λέγειν
484 2476 533 2519 in
557 2488 690 2533 marg
714 2476 778 2520 P*
805 2479 852 2520 et
882 2495 937 2534 γρ
968 2477 1017 2520 in
1041 2492 1174 2534 marg
1197 2477 1298 2520 Mor
1325 2478 1330 2535 Ι
1358 2475 1625 2534 μεμνημένω
1651 2478 1750 2520 Par
1776 2477 1781 2532 Ι
1810 2475 1906 2520 στέ-

223 2550 320 2590 γειν
354 2536 523 2579 VaPar
549 2537 555 2591 Ι
591 2534 694 2579 οὔτε
726 2535 793 2580 Re
856 2536 964 2592 μήτε
989 2538 1047 2580 H
1053 2537 1408 2580 VVaBParMa
1539 2540 1592 2579 10
1624 2533 1905 2594 κελευομένῳ

223 2593 289 2637 Re
350 2592 604 2650 κλαιομένω
636 2594 744 2637 libri
771 2596 779 2652 Ι
809 2594 873 2638 ἔτι
898 2621 953 2628 -
981 2601 1034 2639 12
1058 2593 1210 2651 λόγοις
1235 2610 1306 2639 om
1344 2597 1560 2640 VaBPar
1681 2599 1733 2638 12
1759 2593 1905 2651 λέγειν

222 2653 328 2696 HV
363 2655 368 2707 Ι
405 2653 626 2706 ἐξολισθῶ
658 2652 767 2696 libri
796 2655 878 2697 sed
909 2655 958 2697 in
990 2651 1213 2706 ἐξολίσθω
1246 2668 1347 2698 corr
1370 2654 1446 2708 1³²,
1481 2654 1569 2697 edd
1693 2659 1745 2696 13
1780 2652 1833 2698 δέ
1854 2653 1912 2696 Η

233 2713 302 2767 V}
330 2712 371 2755 εἰ
402 2710 484 2767 μὲν
516 2711 680 2768 scripsi
741 2712 830 2756 εἴτε
861 2713 969 2756 libri
1002 2713 1092 2757 edd
1125 2713 1205 2757 sed
1231 2712 1350 2769 ,,εἰ’τε
1374 2714 1480 2758 bene
1503 2714 1544 2756 si
1565 2714 1709 2765 habet,
1737 2712 1908 2757 debebit

224 2772 359 2815 etiam
382 2772 528 2827 paulo
556 2775 661 2828 post
683 2785 772 2827 pro
812 2771 853 2816 εἰ
892 2773 943 2816 δὲ
975 2779 1119 2829 μισῶν
1151 2773 1238 2828 leqi
1269 2771 1357 2816 εἴτε
1400 2789 1442 2829 μ.
1473 2773 1549 2816 sin
1587 2776 1735 2815 autem
1774 2771 1814 2815 εἰ
1853 2771 1905 2814 δὲ

223 2830 290 2873 ibi
318 2836 486 2874 rectum
525 2836 609 2884 est,
648 2832 782 2874 etiam
819 2832 891 2876 hic
930 2831 972 2875 εἰ
1009 2829 1092 2887 μὲν
1131 2832 1215 2875 erit
1253 2833 1564 2875 amarandum“
1597 2830 1663 2873 Re
1740 2830 1780 2873 εἰ
1818 2830 1905 2886 γὰρ

225 2888 327 2931 coni
358 2888 520 2932 Iacobs
552 2889 652 2932 th
683 2889 720 2931 T
746 2893 829 2932 946
863 2891 958 2934 Rev
984 2896 1008 2933 6
1038 2892 1043 2945 Ι
1072 2888 1249 2946 φιλότις
1272 2892 1370 2934 Par
1493 2893 1546 2933 14
1584 2887 1652 2939 τίς
1676 2891 1731 2933 H
1739 2891 1906 2934 VaPar

226 2948 364 2991 MaP
386 2950 391 3004 Ι
420 2949 641 3003 ἐπιθυμεῖ
661 2948 769 3005 μου]
797 2948 1114 3005 ἐπιθυμοῦμαι
1138 2950 1183 2992 Β
