2010 3168
191 108 300 161 294
652 107 836 151 LIBAN
837 107 880 151 Π
909 106 1298 152 DECLAMATIO
1330 106 1414 151 XX

191 248 408 296 matione
449 244 884 311 Δημοσθένους
936 253 1038 296 τοῦ
1093 253 1307 312 μικροῦ
1367 248 1700 311 appellatione
1762 264 1878 298 usus

191 322 417 371 laudavit
464 323 674 371 auctor
702 321 905 371 libelli
946 318 1078 387 περὶ
1117 320 1448 381 συντάξεως
1490 319 1886 383 Ooisliniani‚'

189 398 287 457 cui,
317 396 360 444 si
392 412 448 444 ex
473 396 792 458 inscriptione
817 396 1049 460 colligere
1081 395 1213 456 licet,
1245 396 1396 444 codex
1420 396 1626 444 alterius
1657 396 1880 445 familiae

190 471 386 532 praesto
433 470 552 531 fuit3
600 470 724 518 duos
769 469 1069 518 Macarius
1111 468 1634 532 Chrysocephalus
1676 469 1730 517 in
1768 470 1878 519 Ro-

191 538 397 610 set01>,
423 544 482 591 de
514 545 654 593 cuius
687 543 851 592 codice
882 543 1014 591 idem
1046 543 1274 592 conicias.

301 617 574 680 Postquam
618 617 708 666 hos
757 618 878 666 duos
923 618 1057 666 locos
1106 613 1358 666 eineditos’
1399 634 1424 666 e
1465 618 1674 666 Macarii
1715 618 1881 667 codice

190 692 443 741 Marciano
483 692 862 740 Villoisonus
901 691 1085 741 Anecd.
1116 691 1167 739 II
1203 693 1267 740 13
1308 691 1494 753 publici
1530 692 1652 741 iuris
1692 685 1880 758 fecit‚2)

190 765 440 815 Reiskia
484 767 644 815 totam
690 766 1101 814 declamationem
1132 782 1158 814 e
1189 764 1355 814 codice
1384 766 1667 814 Monacensi
1698 782 1769 830 gr.
1811 767 1878 814 96

191 840 450 903 descripsit
459 833 503 906 3)
536 840 930 902 descriptamque
961 840 1188 903 plurimis
1227 839 1364 888 vitiis
1395 840 1615 901 retentis,
1645 840 1882 902 paucissi-

190 915 283 962 mis
315 916 547 963 correctis
578 913 685 961 Lib.
716 916 753 962 t.
785 914 858 961 IV
889 931 935 976 p.
963 915 1254 963 817-826
1291 907 1385 980 (=
1410 907 1505 980 Re)
1539 914 1708 962 edidit.

301 988 462 1036 Multa
494 988 557 1036 ad
587 989 717 1036 hunc
747 989 939 1036 textum
970 988 1259 1036 mendosum
1292 988 1639 1052 corrigendum
1670 988 1883 1037 contulit

190 1061 277 1110 Fr.
315 1062 381 1111 Ia
393 1063 628 1110 cobsius
682 1078 778 1111 non
834 1064 941 1110 tam
994 1078 1086 1125 ope
1140 1062 1320 1111 codicis
1367 1062 1676 1111 Monacensis
1722 1062 1881 1111 denuo

191 1151 355 1185 mense
386 1137 568 1184 Martio
601 1137 719 1184 anni
753 1137 892 1184 1816
928 1136 989 1184 ab
1028 1138 1136 1199 ipso
1169 1136 1340 1185 collati
1372 1153 1520 1198 quam
1551 1138 1603 1184 vi
1643 1136 1882 1185 acuminis

191 1204 447 1277 egregii‚4)
478 1211 639 1259 multa
672 1209 919 1259 Carolus
953 1203 1302 1277 Sintenis‚⁵)
1333 1226 1493 1272 pauca
1525 1204 1881 1278 Weiskius⁶)

194 1287 244 1332 et
277 1283 547 1333 Gobetus.
1882 1296 1884 1298 ’

234 1454 248 1472 ·
311 1442 354 1498 1>
387 1440 452 1485 Cf.
485 1442 518 1484 t.
543 1440 564 1483 Ι
594 1456 638 1497 p.
667 1445 750 1484 351
771 1455 836 1496 sq.

309 1502 353 1556 2)
386 1499 520 1544 Unde
552 1501 751 1556 sumpsit
783 1499 975 1544 Reiskia
1005 1501 1038 1543 t.
1064 1499 1085 1543 I
1114 1515 1158 1556 p.
1184 1499 1366 1544 XXVII.

311 1562 354 1615 3)
388 1559 455 1603 Cf.
486 1560 519 1603 t.
544 1559 565 1602 I
595 1574 640 1616 p.
666 1559 835 1603 XXIV:
880 1559 1052 1604 Ceteros
1085 1559 1268 1604 Codices
1304 1573 1448 1616 supra
1483 1563 1748 1603 ‘memoratos
1784 1559 1883 1603 sola

191 1620 363 1663 contuli
405 1633 459 1663 ex
504 1619 648 1675 iisque
686 1619 905 1675 descripsi
956 1619 1183 1663 orationes
1223 1619 1272 1663 V.
1313 1618 1577 1671 anecdotos,
1633 1632 1748 1675 quae
1797 1619 1883 1662 hac

190 1679 356 1736 sylloye
385 1683 543 1722 nostra
565 1679 771 1734 primum
801 1675 1071 1735 vulyan‘tur:
1110 1677 1359 1745 descriptas
1389 1683 1540 1722 autem
1569 1677 1757 1722 recitavi
1786 1692 1880 1721 ma·

190 1739 292 1792 rito,
324 1739 405 1793 qui
434 1736 626 1781 codicem
657 1738 809 1792 ipsum
835 1738 1082 1793 inspiciens
1111 1738 1153 1781 si
1177 1737 1288 1793 quid
1318 1741 1522 1781 erratum
1552 1742 1674 1790 esset,
1706 1737 1883 1781 monuit

192 1801 233 1840 ct
262 1797 471 1850 correxit,
503 1810 699 1851 quorum
722 1796 965 1840 verborum
995 1810 1161 1852 parum
1191 1809 1367 1840 memor
1397 1795 1490 1866 fuit
1520 1795 1758 1839 Iacobsius
1783 1795 1882 1838 All-

192 1869 311 1912 gem.
345 1830 678 1913 Schlilzeitung
711 1859 823 1899 1832
857 1855 942 1899 col.
969 1860 1041 1899 49.

310 1916 354 1971 4)
386 1914 629 1959 Lectiones
669 1914 842 1958 codicis
883 1928 911 1958 a
948 1915 1080 1957 textu
1119 1913 1373 1958 Reiskiano
1418 1913 1710 1958 discedentes
1754 1927 1880 1956 suas-

193 1987 282 2029 que
335 1974 681 2018 emendationes
740 1974 841 2029 ipse
897 1973 1075 2029 publici
1132 1973 1246 2017 iuris
1300 1973 1415 2017 fecit
1472 1972 1521 2016 in
1571 1972 1882 2030 ‘Allgemeine

193 2032 542 2090 Schulzeitung’
579 2037 692 2077 1832
732 2033 874 2076 Abth.
906 2033 948 2076 ΙΙ
979 2048 1023 2076 n.
1051 2037 1074 2075 7
1109 2032 1193 2076 col.
1221 2037 1274 2076 57
1295 2047 1360 2088 sq.
1396 2034 1475 2088 (=
1510 2031 1713 2087 Schulz).
1781 2032 1881 2075 Iam

192 2092 332 2136 antea
356 2105 478 2148 quae
508 2092 609 2149 ipse
633 2093 876 2136 invenerat
900 2106 1022 2136 anno
1042 2096 1154 2135 1813
1174 2090 1483 2135 ‘Lectionum’
1502 2091 1622 2134 libro
1646 2106 1690 2147 p.
1711 2095 1794 2135 149
1813 2105 1879 2146 sq.

193 2153 273 2206 (=
306 2151 463 2206 Dect),
519 2151 599 2208 qui
645 2151 787 2195 hodie
831 2165 973 2208 penes
1019 2150 1190 2194 Iulium
1237 2150 1401 2194 Nicole
1449 2149 1764 2194 Genevensem
1810 2151 1882 2193 est

193 2209 364 2265 (Herm.
390 2210 532 2253 XLIII
558 2215 641 2254 229
661 2213 768 2267 sq.)‚
807 2211 1123 2254 mandaverat.
1172 2209 1238 2254 Of.
1263 2211 1296 2253 t.
1322 2210 1342 2252 Ι
1366 2225 1409 2266 p.
1438 2214 1515 2263 773
1549 2209 1590 2253 V
1617 2214 1713 2253 198.
1760 2208 1881 2262 Quo-

192 2283 294 2312 rum
334 2270 518 2325 partem
555 2283 650 2313 una
689 2284 792 2313 cum
831 2269 938 2314 aliis
975 2269 1178 2327 margini
1217 2268 1492 2325 exemplaris
1524 2267 1767 2312 Reiskiani
1799 2269 1879 2312 ad-

193 2328 380 2384 scriptis
412 2342 517 2372 eum
553 2329 663 2372 viris
705 2328 852 2372 doctis
893 2328 1252 2373 communicavit
1282 2329 1354 2372 Fr.
1388 2327 1606 2372 Duebner
1635 2327 1789 2371 Revue
1823 2328 1880 2371 de

193 2386 450 2444 philologie
481 2387 767 2444 t.11p.425
799 2389 872 2446 (=
900 2387 1024 2445 Rev).

312 2447 356 2503 5)
389 2445 455 2490 Cf.
488 2448 521 2490 t.
547 2447 568 2490 1
598 2461 643 2503 p.
672 2450 739 2490 78

313 2507 356 2562 6)
390 2503 455 2549 Cf.
489 2520 630 2561 supra
660 2521 705 2562 p.
733 2509 829 2550 191.
