2010 3168
356 121 688 167 ANTILOGIA
718 121 799 166 DE
830 120 1012 165 LAIDE
1044 120 1175 166 NON
1206 121 1580 166 REVOCANDA
1700 121 1808 174 489

120 260 326 328 νόμους
364 267 550 327 νικᾶν,
597 255 744 327 ἔχειν
785 258 846 312 δὲ
884 259 1112 327 γνώμην
1152 256 1410 311 ἐναντίαν
1450 256 1681 321 ἐκείνοις
1719 256 1809 310 καὶ

122 348 357 417 φάσκειν
417 344 520 414 μὲν
572 344 713 414 ὑπὲρ
768 346 1061 416 εὐκοσμίας
1121 352 1343 400 κεῖσθαι
1398 349 1528 409 τοὺς
1582 349 1810 414 νόμους,

121 436 335 506 ἐφεῖναι
377 432 437 489 δὲ
475 436 644 488 πάλιν
683 436 886 498 αὐτοὺς
923 446 1038 499 τοῖς
1080 438 1174 504 ζῆν
1222 433 1516 489 ἐθέλουσιν
1563 435 1811 504 ἀκόσμως

119 525 372 596 <άκύρως
409 522 671 594 ἔχοντας>
710 526 1009 578 δεικνύναι.

229 614 317 668 40.
364 612 584 682 Ἐπειδὴ
641 611 701 666 δὲ
747 615 910 667 Λαίδι
967 623 1295 683 συνηγορῶν
1348 622 1457 667 τῶν
1502 614 1811 682 Ἀθηναίων

119 703 401 773 ἐμνήσθης
447 703 537 756 καὶ
587 704 792 765 πολλὰς
842 702 1059 772 ἑταίρας
1106 707 1241 773 ἔφης
1274 693 1406 771 παρ’
1454 703 1685 767 ἐκείνοις
1725 705 1811 758 εὐ-

119 795 393 862 δοκιμεῖν,
442 794 542 861 τὴν
581 792 874 846 Ἀσπασίαν
915 791 1155 862 ἐκείνην,
1201 793 1302 861 τὴν
1341 795 1667 862 Μυρρίνην,
1710 795 1812 862 τὴν

124 883 403 951 Θεοδότην
448 880 539 935 καὶ
588 882 754 944 ἄλλας
801 883 1031 951 πολλάς,
1087 882 1187 951 τὴν
1235 882 1296 935 δὲ
1349 883 1576 951 Φρύνην
1624 883 1696 945 ὡς
1743 884 1811 952 δή

118 990 171 1024 τι
209 972 536 1041 θαυμαστὸν
576 970 752 1038 λέγων
794 971 853 1024 ἐν
885 974 1131 1040 Δελφοῖς
1162 968 1298 1040 ἔφης
1331 969 1551 1024 ἑστάναι
1584 980 1811 1040 χρυσῆν,

118 1061 190 1129 μὴ
237 1061 543 1113 παύσαιντο
591 1061 686 1123 τὰς
731 1061 988 1123 τοιαύτας
1034 1061 1434 1129 θαυμάζοντες,
1488 1064 1700 1127 μᾶλλον
1749 1061 1811 1114 δὲ

118 1150 208 1202 καὶ
254 1150 356 1218 τὴν
403 1151 586 1203 Λαίδα
639 1148 1010 1217 προσλάβοιεν
1066 1150 1184 1203 ὅσοι
1235 1149 1497 1204 τάναντία
1543 1158 1608 1221 τῇ
1654 1153 1812 1204 πόλει

119 1245 421 1308 φρονοῦσι,
476 1242 534 1291 τί
585 1237 643 1292 δὲ
693 1239 896 1292 παθὼν
951 1242 1234 1292 πολιτείαν
1279 1238 1575 1308 προφέρεις
1621 1239 1812 1310 ἑτέραν

118 1326 208 1380 καὶ
249 1329 452 1395 νόμους
492 1321 576 1390 οἷς
616 1328 785 1381 οὐδὲν
823 1328 985 1398 (καὶ)
1024 1328 1156 1397 ἡμῖν
1194 1327 1309 1381 ἐστι
1348 1331 1563 1399 κοινόν,
1602 1330 1688 1383 41.
1722 1330 1812 1383 αὐ-

118 1419 241 1469 τίκα
273 1424 413 1485 γοῦν
446 1426 563 1480 τοῖς
587 1416 900 1485 Ἀθηναίοις
933 1417 999 1470 οὐ
1034 1417 1276 1487 σύνηθες
1307 1419 1442 1470 κατὰ
1473 1419 1577 1486 τὴν
1609 1417 1812 1488 ἑτέρων

118 1509 213 1574 ζῆν
258 1507 566 1574 πολιτείαν,
620 1504 738 1559 ἀλλ’
784 1509 972 1576 ἔχουσι
1012 1508 1218 1576 νόμους
1259 1507 1438 1569 ἰδίους
1476 1506 1639 1576 (καθ’
1679 1507 1811 1577 οὓς)

239 1672 262 1709 7
309 1666 369 1710 cf.
406 1667 466 1710 ad
498 1668 530 1710 b.
557 1667 599 1710 V
624 1672 774 1721 556‚9
826 1669 832 1724 Ι
883 1667 1047 1727 [plut]
1086 1668 1165 1711 vit.
1200 1668 1241 1710 X
1281 1682 1343 1712 or.
1377 1667 1548 1724 Hyper.
1582 1684 1625 1724 p.
1653 1673 1738 1713 849
1757 1669 1809 1712 D.

32 1770 34 1772 ,
117 1726 286 1770 Athen.
305 1726 410 1770 XIII
434 1742 478 1782 p.
498 1731 583 1770 590
603 1741 638 1771 ο.
674 1726 852 1771 Choria.
874 1726 1025 1784 Spart.
1054 1732 1078 1780 ξ
1097 1732 1149 1771 31
1178 1727 1312 1771 Arch.
1339 1727 1497 1771 Jahrb.
1522 1728 1586 1772 IX
1610 1743 1653 1784 p.
1676 1732 1808 1783 180‚7

119 1800 223 1829 cum
255 1788 368 1829 nota.
399 1799 503 1830 mea
554 1795 559 1835 Ι
610 1787 723 1830 Xen.
758 1801 921 1831 comm.
949 1787 1011 1830 III
1045 1792 1113 1841 11,
1135 1792 1171 1830 1.
1217 1787 1316 1830 Ael.
1350 1801 1442 1830 var.
1476 1787 1583 1831 hist.
1609 1787 1716 1830 XIII
1740 1793 1809 1832 31.

118 1845 288 1889 Athen.
316 1845 354 1887 V
381 1860 424 1902 p.
447 1850 532 1890 220
551 1859 596 1899 e;
621 1845 727 1889 XIII
758 1861 802 1902 p.
823 1850 908 1890 588
926 1846 978 1902 d.;
1012 1851 1098 1889 574
1117 1861 1161 1901 ος
1195 1846 1278 1889 XII
1300 1862 1345 1902 p.
1366 1850 1450 1890 535
1470 1861 1494 1891 c
1616 1851 1641 1890 9
1674 1847 1809 1892 Paus.

116 1904 158 2007 ᾗ
182 1909 254 2007 ἐξ,
273 1910 311 2007 ἒ.
344 1905 513 1949 Athen.
539 1905 644 1948 XIII
674 1921 719 1962 p.
747 1910 830 1950 591
850 1905 893 1950 b.
926 1905 1027 1950 Ael.
1061 1920 1151 1950 var.
1177 1906 1286 1950 hist.
1312 1906 1373 1948 IX
1400 1911 1455 1950 32
1580 1911 1633 1950 15
1666 1906 1809 1951 Thuc.

235 2117 260 2154 3
294 2120 391 2164 τοῖς
424 2116 506 2169 ζῆν
539 2111 781 2158 ἐθέλουσιν
807 2114 977 2164 αὐτοὺς
1010 2114 1356 2159 VaMViMa-Gl
1415 2114 1646 2171 scriptura.
1677 2114 1724 2157 in
1753 2115 1812 2160 Cr

115 2171 295 2215 incerta
416 2178 444 2216 4
476 2172 659 2227 ἀκύρως
690 2173 865 2216 inserui
898 2175 950 2216 uh
981 2174 1184 2227 ἀκύρους
1214 2174 1512 2217 inserendum
1539 2174 1720 2217 censuit
1744 2174 1810 2217 Re

177 2244 252 2275 om
275 2230 388 2274 libri
413 2232 504 2275 edd
531 2233 537 2288 1
577 2231 765 2290 ἔχοντας
795 2233 904 2288 post
935 2233 1176 2277 δεικνύναι
1201 2233 1463 2279 BViMan
1495 2235 1541 2276 eb
1563 2233 1688 2276 inser
1722 2233 1812 2276 Va²

175 2304 251 2334 om
290 2291 404 2336 HM
442 2290 534 2335 edd
617 2292 848 2347 scriptura
879 2291 927 2335 in
963 2292 1022 2336 Cr
1053 2306 1146 2336 non
1177 2292 1426 2349 perspicua
1486 2292 1751 2348 transposui
1802 2293 1805 2349 1

119 2350 363 2394 δεικνῦναι
400 2350 492 2393 edd
524 2349 581 2393 cf.
607 2365 651 2407 p.
679 2355 822 2404 127‚5
953 2355 978 2394 5
1012 2351 1063 2396 δὲ
1094 2352 1220 2395 inser
1245 2351 1357 2396 Μετ’
1419 2351 1442 2395 ὁ
1477 2353 1535 2397 Vi
1662 2355 1687 2394 6
1721 2350 1809 2407 ἔφη

125 2409 181 2452 Vi
306 2414 330 2452 7
355 2409 435 2452 καὶ
452 2410 560 2452 ante
578 2409 662 2466 τὴν
673 2412 734 2467 (1)
752 2411 803 2455 Η
866 2410 1096 2467 scriptura
1120 2411 1169 2454 in
1190 2412 1248 2456 Cr
1271 2411 1450 2455 incerta
1571 2415 1596 2453 8
1625 2410 1811 2466 Φρύνην

119 2467 286 2524 scripsi
319 2482 343 2512 e
370 2469 430 2513 Gr
461 2467 543 2512 sed
568 2472 666 2526 v(2)
690 2483 853 2526 parum
881 2472 1072 2521 certum,
1099 2471 1198 2515 ΗΒ
1211 2471 1343 2514 VaM
1401 2470 1574 2526 φρύνιν
1601 2470 1690 2514 Μα
1721 2469 1810 2514 edd

179 2527 381 2582 φρύννιν
417 2528 529 2572 Vicl
651 2534 705 2572 10
738 2529 994 2573 παύσοιντο
1020 2530 1372 2574 HVaMViMa
1404 2529 1485 2573 sed
1517 2529 1566 2572 in
1598 2528 1686 2572 hoc
1715 2530 1811 2586 0(1)

118 2584 168 2628 in
202 2604 231 2629 α
258 2601 360 2630 corr
382 2586 465 2640 m³‚
493 2587 545 2631 ΟΖ
606 2587 839 2644 scripssura
869 2588 918 2631 in
946 2589 1004 2632 Cr
1033 2602 1199 2644 parum
1226 2590 1355 2632 certa
1381 2594 1387 2644 1
1414 2587 1735 2643 θαυμάζοντες
1761 2588 1813 2633 Cl

120 2644 201 2688 sed
228 2661 274 2697 ες
298 2645 347 2688 in
370 2658 446 2689 ras
471 2645 543 2688 m²
665 2652 716 2690 11
751 2648 829 2691 καὶ
863 2647 989 2690 inser
1011 2647 1122 2692 Ma²
1245 2653 1298 2692 12
1332 2649 1501 2705 μαθὼν
1528 2647 1644 2691 CrH
1666 2649 1672 2703 Ι
1698 2663 1811 2701 προ-

117 2702 279 2759 φέρειν
306 2706 425 2750 CrH
493 2705 773 2761 προσφέρεις
806 2707 874 2751 Va
906 2706 984 2750 sed
1019 2721 1044 2749 6
1078 2720 1194 2761 eras,
1222 2709 1284 2752 M
1423 2712 1476 2751 13
1514 2704 1674 2762 νόμοις
1708 2707 1764 2750 Vi

118 2762 301 2818 ἑτέρους
330 2766 440 2821 post.
470 2762 642 2819 νόμους
664 2766 792 2809 BVa
818 2767 824 2820 Ι
852 2761 908 2820 ἧς
937 2764 1011 2808 vel
1045 2761 1109 2808 ὧν
1142 2765 1436 2810 scribendum
1470 2765 1574 2809 coni
1607 2764 1763 2809 Gasda.
1799 2766 1802 2823 Ι

117 2822 195 2865 καὶ
226 2823 402 2867 inserui
463 2836 537 2867 om
569 2822 678 2867 libri
712 2824 804 2868 edd
940 2829 995 2868 15
1026 2823 1265 2869 πολιτείαν
1290 2827 1372 2880 ζῆν
1399 2826 1454 2868 M
1483 2826 1489 2879 1
1518 2825 1600 2867 aut
1629 2823 1809 2881 ἔχοντες

117 2883 164 2924 et.
195 2881 402 2926 οἰκοῦσιν
435 2884 518 2925 aut
550 2881 700 2939 ἔχουσι
734 2884 781 2926 et
813 2879 883 2933 οἷς
915 2881 1132 2938 ἑπόμενοι
1164 2887 1265 2941 (aut
1292 2885 1439 2928 simile
1469 2883 1597 2939 quid)
1628 2883 1807 2928 οἰκοῦσι

118 2939 415 2985 scribendum
448 2940 553 2985 coni
583 2941 649 2985 Re
675 2943 682 2999 Ι
709 2939 827 2986 καθ’
855 2941 936 2994 οὓς
967 2942 1142 2987 inserui
1203 2957 1278 2987 om
1309 2942 1418 2986 libri
1451 2941 1542 2986 edd

1837 1081 1878 1112 10

1837 1526 1877 1558 15
