2010 3168
128 80 231 132 172
590 80 820 124 LIBANII
849 79 1241 125 DEGLAMATIO
1272 80 1379 124 XVI

123 223 294 268 ταῦτα
334 215 472 279 ἅπαξ
514 215 746 269 ἕκαστον
785 217 891 269 ὑπὸ
931 224 996 286 τῇ
1035 218 1204 287 ψήφῳ
1244 217 1528 284 λαβόντες,
1581 217 1820 285 εἰκότως,

124 306 190 358 οὐ
230 306 335 374 γὰρ
374 306 598 374 ἡμιτελῆ
640 306 739 373 τὴν
779 305 980 375 ἀρετὴν
1019 304 1236 367 ἀξιοῦτε
1274 304 1657 375 παρασχέσθαι
1687 307 1820 367 τοὺς

124 393 557 462 ἐπαινουμένους
596 393 729 447 οὐδὲ
766 402 830 462 τῇ
871 393 1004 463 δόξῃ
1042 386 1137 461 τῆς
1169 394 1525 462 δικαιοσύνης
1557 394 1634 455 εἰς
1665 391 1818 456 ἐξου-

124 486 251 536 σίαν
305 482 521 545 ἀδικίας
575 488 836 552 χρῆσθαι·
895 480 1013 551 ἐμοὶ
1061 480 1111 534 δ’
1165 482 1235 535 ὀὲν
1281 483 1552 545 τοσαύτας
1598 482 1822 552 γραφὰς

80 593 99 625 5
125 570 480 641 ἐχαρίσασθε;
520 574 643 624 τίνα
682 572 862 623 πειθὼ
901 569 992 624 καὶ
1026 578 1252 640 σειρῆνα
1288 572 1486 639 καινὴν
1525 569 1820 639 ἀνευρόντι
1860 643 1862 645 V

123 655 158 731 ᾖ
197 658 493 723 κατέθελξα
537 660 855 724 δικάζοντας
900 659 1040 726 ὑμᾶς
1086 661 1254 726 μόνος
1300 658 1668 730 ἐγρηγορότας
1716 659 1821 727 ἀεί,

123 756 503 817 προνοοῦντας
534 749 601 801 τὰ
632 751 1029 817 λεχθησόμενα,
1061 749 1239 801 πολλὰ
1270 747 1360 800 καὶ
1393 757 1504 801 τῶν
1535 747 1638 800 οὐκ
1677 749 1819 817 εἰρη-

123 837 305 904 μένων
349 845 414 906 τῇ
460 841 757 907 κατηγορίᾳ
803 836 1221 904 κατατιθέντας,
1274 837 1399 890 οὔτε
1453 837 1823 905 συνετώτερος

98 919 230 994 ’ἐγὼ
269 924 699 994 Θεμιστοκλέους
740 926 866 978 οὔτε
905 927 1289 995 πιθανώτερος
1321 924 1662 995 Περικλέους
1693 925 1821 978 οὔτε

58 1038 102 1069 10
126 1016 443 1083 σοφώτερος
480 1013 815 1083 Σωκράτους
862 1014 989 1067 οὔτε
1038 1015 1349 1083 δεινότερος
1387 1015 1822 1084 Καλλιστράτου,

126 1100 205 1157 ὧν
243 1103 503 1156 ἁπάντων
549 1102 891 1173 ἐκρατήσατε.
952 1103 1040 1156 47.
1081 1102 1142 1156 ἐν
1187 1103 1462 1166 τοιούτοις
1508 1102 1824 1164 ἀνύποπτος

127 1194 332 1260 ὤφθην
393 1193 675 1254 δικασταῖς
734 1192 921 1260 <τοῑς>
981 1192 1161 1245 πάντα
1221 1192 1545 1245 ὑπονοοῦσι.
1615 1193 1685 1260 μὴ
1751 1193 1823 1243 σὺ

125 1290 323 1350 πεῖραν
362 1280 546 1334 αὐτῶν
586 1282 781 1351 λάβῃς,
829 1280 896 1334 οὐ
943 1283 1047 1352 γὰρ
1096 1280 1166 1334 ἂν
1217 1281 1493 1350 ἐκφύγοις.
1535 1279 1826 1349 ἐλεήμονες

125 1369 428 1438 Ἀθηναῖοι,
466 1369 616 1438 κάγώ
657 1390 811 1439 φημι.
851 1372 1004 1434 πότε;
1050 1368 1143 1423 καὶ
1182 1371 1321 1439 πρὸς
1358 1372 1534 1434 τίνας;
1582 1371 1651 1422 ἄν
1689 1388 1822 1422 ποτε

62 1482 103 1514 15
129 1460 436 1529 συμμαχίας
476 1458 663 1527 δέηται
701 1461 882 1527 πόλις,
930 1457 999 1511 ἂν
1048 1459 1262 1528 ἱκετεύῃ
1302 1457 1469 1528 ξένος,
1508 1459 1646 1529 πρὸς
1689 1457 1824 1511 ἐκεί-

126 1567 260 1609 νους
305 1548 444 1601 θεὸν
493 1548 592 1600 τὸν
624 1546 822 1600 ’Έλεον
868 1550 1167 1614 νομίζουσι.
1215 1546 1319 1600 κᾶν
1365 1545 1465 1614 μὲν
1511 1556 1623 1600 τῶν
1668 1551 1822 1600 πολι-

125 1646 236 1689 τῶν
274 1637 400 1689 τινά
438 1655 520 1699 τις
555 1637 885 1705 αἰτιάσηται·
925 1635 1224 1705 Κέφαλός
1265 1636 1402 1689 ε’στι
1440 1646 1568 1689 τῶν
1607 1646 1827 1689 κακῶν

127 1729 338 1787 αἴτιος
377 1723 410 1792 ἢ
450 1723 847 1794 Ἀριστοφῶν
892 1724 925 1793 ἢ
967 1724 1034 1778 ὃν
1073 1724 1143 1779 ἂν
1180 1734 1292 1778 τῶν
1339 1725 1447 1777 ὑπὸ
1488 1733 1643 1795 χεῖρα
1687 1726 1824 1794 φαίη

126 1833 227 1880 τις,
267 1805 482 1883 ὀργίλοι
521 1812 612 1866 καὶ
651 1822 887 1883 τραχεῖς·
937 1813 1034 1866 ἐὰν
1081 1813 1146 1866 δέ
1188 1833 1271 1876 τις
1317 1823 1428 1867 τῶν
1467 1811 1677 1876 ἔξωθεν
1718 1815 1823 1866 ίκε-

63 1924 106 1956 20
129 1902 321 1971 τεύσῃ,
368 1900 473 1954 κᾶν
514 1903 808 1970 Οἰδίπους,
855 1901 959 1955 κᾶν
991 1901 1269 1971 Ὀρέστης,
1319 1902 1535 1955 ἐλεοῦσι
1579 1901 1670 1955 καὶ
1721 1903 1823 1955 σώ-

131 1993 338 2058 ζουσιν,
365 1991 465 2044 οὐκ
490 1990 721 2058 ἀλόγως,
747 1992 820 2054 ὡς
845 1989 965 2059 ἐμοὶ
992 1992 1161 2059 δοκεῖ,
1186 1994 1318 2053 τοὺς
1343 1990 1697 2060 ἀλλοφύλους
1720 1990 1826 2058 μέν

40 2084 247 2128 H.IX45
316 2077 319 2149 ᾖ
364 2098 426 2147 γε
457 2082 589 2148 μήτε
621 2080 834 2148 φύντας
872 2083 1051 2142 καλῶς
1081 2082 1213 2149 μήτε
1246 2079 1306 2133 ἐν
1337 2079 1531 2149 ἀρίστῃ
1570 2082 1826 2151 πολιτείᾳ

129 2166 601 2236 πεπαιδευμένους
640 2168 742 2221 οὐκ
782 2166 1064 2232 ἀξιοῦντες
1103 2168 1516 2238 ἀναμαρτήτους
1564 2162 1726 2220 εἶναι·
1775 2168 1823 2220 εἰ

132 2255 197 2308 δέ
231 2275 313 2318 τις
349 2254 642 2324 Ἀθηναῖος
680 2257 758 2309 ὢν
799 2257 901 2326 οὐχ
939 2257 1225 2327 ὑπεραίρει
1254 2255 1463 2319 πάντας
1494 2255 1675 2327 ἀρετῇ,
1713 2265 1826 2308 τῶν

253 2405 306 2444 16
340 2400 395 2444 cf.
429 2416 473 2457 p.
502 2405 600 2456 134,
622 2406 675 2444 12
800 2406 853 2446 18
887 2402 994 2445 Luc.
1014 2401 1218 2446 Hcrmot.
1245 2406 1339 2455 §57
1463 2405 1518 2444 20
1551 2401 1824 2457 cf.p.134‚8

254 2538 275 2575 1
312 2533 436 2587 ἅπαξ
470 2532 663 2577 ἕκαστον
696 2534 860 2589 scripsi
893 2548 917 2578 c
944 2536 1034 2579 Ma
1095 2533 1288 2578 ἕκαστον
1322 2533 1445 2586 ἅπαξ
1470 2535 1516 2578 Ρ
1655 2537 1679 2574 3
1713 2530 1824 2576 οὐδὲ

132 2599 186 2649 τῇ
220 2592 386 2648 scripsi
448 2591 549 2637 οὐδ’
580 2593 658 2637 ἐπὶ
683 2595 819 2637 ΜαΡ
854 2594 936 2637 sed
967 2593 1016 2636 in
1047 2594 1135 2636 hoc
1167 2593 1278 2637 οὐδὲ
1308 2600 1364 2649 τῆ
1396 2606 1612 2649 suprascr
1635 2592 1705 2634 m²

134 2657 161 2693 4
194 2655 371 2709 χρῆσθε
397 2653 443 2695 Ρ
582 2656 608 2694 5
639 2655 792 2695 πειθῶ
818 2654 864 2697 Ρ
1006 2658 1030 2695 6
1070 2653 1216 2707 μόνον
1241 2654 1287 2697 Ρ
1426 2656 1452 2695 8
1484 2649 1827 2702 κατατιθέντας

133 2710 183 2753 in
206 2724 340 2766 marg
358 2712 447 2754 Ma
506 2712 846 2764 προστιθέντας
869 2709 1015 2755 Cobet
1038 2713 1085 2754 et
1110 2710 1265 2754 Gasda
1387 2715 1441 2754 12
1472 2717 1569 2760 τοῖς
1591 2710 1765 2754 inserui

135 2782 211 2812 om
230 2770 366 2813 MaP
485 2773 539 2812 13
565 2769 769 2826 ἐκφύγης
787 2771 877 2813 Μα
999 2774 1051 2813 17
1085 2769 1227 2825 λέγων
1252 2771 1363 2814 ante
1380 2769 1594 2824 Κέφαλος
1617 2769 1667 2811 in
1690 2781 1826 2824 marg

135 2827 199 2871 122
261 2827 372 2871 olim
396 2828 570 2872 inserui
596 2828 652 2872 cf.
678 2843 722 2884 p.
744 2832 909 2883 170‚20
1034 2834 1088 2872 15
1121 2827 1262 2883 ξένος,
1287 2828 1404 2884 πρὸς
1429 2826 1634 2878 ἐκείνους
1658 2827 1825 2883 scripsi

196 2886 325 2939 ξένος
356 2887 472 2942 πρὸς
503 2885 720 2940 ἐκείνους,
749 2887 885 2932 ΜαΡ
1004 2892 1057 2931 19
1094 2885 1234 2942 τίς(1)
1258 2889 1304 2931 Ρ
1421 2892 1474 2930 21
1508 2885 1664 2943 μέντοι
1689 2888 1779 2930 Μα
