2010 3168
234 137 340 189 190
697 136 924 181 LIBANII
951 137 1343 182 DECLAMATIO
1374 137 1501 182 XVII

230 277 533 327 Danaesium
565 277 665 325 fuit
697 277 758 324 ab
791 277 1117 339 explicatione
1150 277 1396 327 abhorret.
1457 278 1588 325 Nam
1619 278 1716 327 nisi
1742 277 1921 326 Morel-

230 352 334 398 lum
367 351 546 399 erroris
577 353 630 398 in
661 351 860 400 nomine
890 367 1228 413 possessorum
1259 353 1507 400 commissi
1543 368 1750 414 arguere
1782 353 1919 401 volu·

230 441 354 486 mus,
385 425 488 473 iam
519 425 700 472 Pinum
731 425 949 473 codicem
985 441 1075 487 per
1105 425 1408 474 Danaesium
1446 429 1649 474 nactum
1688 441 1792 491 esse
1823 428 1921 475 sta-

230 501 372 547 tuere
395 499 656 561 possimus,
681 516 829 562 quem
854 515 982 548 anno
1004 501 1144 548 1535
1170 500 1223 547 in
1246 499 1449 548 Italiam
1470 501 1746 563 profectum
1771 502 1922 548 ctiam

233 572 446 636 Georgio
468 572 633 621 Silvae
659 575 888 636 episcopo
905 573 1154 622 Vaurensi
1179 576 1228 622 et
1251 573 1527 622 Galliarum
1551 574 1684 636 apud
1707 574 1925 622 Venetos

229 648 397 711 legato
429 649 482 694 in
519 647 759 696 rimandis
792 651 842 696 et
873 648 1186 710 acquirendis
1210 647 1457 696 codicibus
1488 651 1677 712 graecis
1709 648 1921 710 opitula-

229 724 339 768 tum
369 737 473 770 esse
506 723 699 770 scimus.
714 716 755 789 ¹)
801 722 872 770 At
901 737 1074 770 revera
1096 722 1214 770 huic
1238 723 1547 770 coniecturae
1571 722 1623 770 id
1644 738 1923 785 repugnare

229 795 450 856 videtur,
500 795 632 857 quod
676 796 828 844 codex
873 797 925 844 D
971 796 1061 844 sub
1107 796 1372 845 Francisco
1415 796 1440 843 I
1486 799 1769 859 compactus
1821 797 1925 843 iam

233 885 361 917 anno
397 871 540 919 1550
571 886 671 918 non
696 870 1108 919 declamationem
1138 872 1401 934 integram,
1435 872 1572 918 cuius
1604 870 1744 918 nulla
1773 871 1826 917 in
1850 872 1924 917 in-

231 942 337 991 dice
368 944 556 992 mentio
587 943 658 1005 fit,
690 945 775 992 sed
805 947 1002 992 tantum
1033 945 1368 1008 fragmentum
1399 945 1659 993 continuit.
1714 944 1927 992 Videtur

230 1018 389 1080 igitur
420 1018 570 1066 codex
601 1019 787 1081 Regius
818 1018 1160 1067 Danaesianus
1192 1018 1410 1079 periisse.

343 1107 414 1154 At
452 1123 551 1156 non
588 1107 761 1155 unicus
803 1107 914 1155 fons
952 1107 1158 1155 Morello
1201 1107 1351 1155 codex
1389 1107 1475 1154 1116
1515 1107 1699 1171 Regius
1730 1106 1924 1154 Danae-

232 1181 399 1229 sianus
430 1181 542 1241 fuit,
575 1181 660 1229 sed
690 1184 889 1244 praeter
920 1198 1032 1229 eum
1072 1183 1225 1229 etiam
1265 1182 1421 1229 altero
1465 1196 1583 1229 usus
1617 1184 1705 1229 est.
1768 1179 1925 1238 Quem

230 1255 383 1303 fuisse
430 1252 713 1303 Parisinum
754 1256 921 1316 2998,
970 1257 1055 1318 qui
1097 1258 1271 1316 postea
1317 1255 1370 1302 in
1416 1256 1520 1303 eius
1565 1255 1924 1317 possessionem

232 1329 450 1389 transiit,
484 1345 574 1391 pro
607 1332 740 1378 certo
771 1329 947 1378 haberi
975 1332 1154 1391 potest.
1216 1329 1346 1377 Nam
1379 1330 1655 1391 permultae
1687 1330 1926 1377 lectiones

231 1404 379 1466 plane
433 1402 711 1468 singulares
758 1419 940 1466 eaeque
991 1404 1146 1452 falsae
1194 1403 1425 1451 editionis
1471 1403 1791 1451 Morellianae
1839 1405 1926 1450 aut

233 1493 343 1524 cum
385 1477 433 1525 P
478 1477 763 1539 concinunt,
818 1481 875 1525 ut
927 1494 974 1539 p.
1017 1479 1144 1539 194,
1182 1479 1208 1525 1
1267 1475 1418 1525 αὐτὸν
1474 1492 1575 1538 0111,
1637 1494 1683 1539 p.
1728 1478 1856 1538 194,
1890 1479 1920 1524 9

233 1548 451 1619 ἀπαντᾷ,
488 1568 536 1614 p.
566 1553 734 1612 196,7
771 1558 1093 1616 μαρτυροῦσι,
1131 1568 1179 1613 p.
1209 1552 1380 1614 198,4
1414 1549 1476 1614 δή
1516 1570 1600 1614 μιν
1641 1544 1815 1617 (ὁῆμιν
1841 1544 1924 1617 Ρ),

233 1642 280 1687 p.
310 1626 479 1686 204,ss
521 1632 662 1674 τοῦτο
695 1642 798 1686 0111,
836 1642 883 1688 p.
911 1627 1032 1687 212,
1053 1628 1082 1672 2
1117 1629 1183 1693 τῷ
1215 1628 1331 1673 ante
1363 1625 1601 1694 φιλίππῳ,
1633 1642 1680 1687 p.
1709 1626 1829 1686 213,
1855 1625 1922 1672 18

240 1699 453 1762 Θηβαῖοι
477 1692 709 1766 (θηβαῑος,
732 1693 815 1766 Ρ),
837 1717 885 1761 p.
914 1694 1077 1761 223,3
1105 1697 1423 1762 ὑπειλήφατε,
1447 1717 1494 1762 Ρ.
1523 1701 1643 1759 232,
1661 1702 1688 1748 9
1717 1696 1928 1759 διετέλει,

235 1790 326 1835 aut
356 1788 482 1836 tales
516 1790 632 1836 sunt
668 1791 726 1835 ut
758 1804 783 1835 6
816 1788 1118 1850 compendiis
1157 1789 1211 1835 in
1249 1788 1341 1835 hoc
1384 1789 1651 1850 usurpatis,
1684 1803 1712 1834 a
1744 1787 1928 1836 lectore

237 1877 354 1910 vero
385 1877 646 1924 perperam
677 1862 852 1909 solutis
882 1863 1043 1924 repeti
1073 1862 1280 1925 possint,
1311 1864 1368 1909 ut
1399 1852 1456 1924 ps
1474 1863 1641 1922 239,6
1676 1864 1764 1927 wlff,
1796 1862 1927 1923 quod

233 1936 391 1983 lector
414 1935 655 1984 πλειόνων
689 1951 792 1984 esse
825 1937 1057 1998 opinatus
1090 1938 1178 1997 est,
1211 1951 1323 1984 cum
1354 1935 1562 1998 πλησίον
1587 1937 1667 1997 sit,
1691 1952 1737 1998 p.
1758 1937 1924 1997 229,6

236 2048 453 2117 προπᾙα,
499 2054 634 2116 (111οᾶ
671 2055 827 2102 lector
863 2056 916 2102 in
954 2051 1234 2120 προπατέρα
1273 2055 1444 2115 solvit,
1486 2071 1532 2116 p.
1561 2055 1682 2115 224,
1704 2055 1769 2102 13
1803 2071 1927 2118 χραι,

239 2173 361 2232 215,
380 2173 409 2219 6
443 2145 595 2233 πύθῗ,
637 2174 847 2234 207,14
881 2171 1047 2235 ἐφονσ,
1081 2188 1209 2234 (11136
1240 2172 1397 2220 lector
1427 2188 1517 2234 pro
1549 2171 1714 2236 χραίη,
1744 2168 1926 2232 πυθέα,

237 2243 414 2309 ε’φοίση
447 2248 671 2308 sumpsit.

350 2333 501 2383 Cuius
548 2337 621 2383 rei
666 2335 746 2384 vel
793 2335 1031 2384 disertum
1075 2335 1417 2383 testimonium
1461 2335 1657 2382 Morelli
1709 2334 1760 2381 in
1806 2336 1926 2382 nota

238 2408 507 2471 marginali
552 2426 599 2470 p.
636 2411 756 2470 682,
784 2412 814 2458 8
862 2409 1066 2472 reperiri
1112 2411 1291 2470 potest.
1360 2409 1440 2456 Ad
1486 2409 1748 2456 lectionem
1796 2408 1926 2455 enim

237 2480 647 2545 πεπολιτευμένον
680 2477 750 2549 (Ρ.
781 2477 1012 2548 193,11)
1044 2499 1143 2531 11011
1184 2483 1343 2530 solum
1389 2484 1442 2529 in
1483 2482 1706 2545 margine
1753 2481 1926 2528 dextro

239 2555 408 2618 posuit
437 2574 495 2621 γρ
524 2554 955 2622 πεπονηρευμένον
988 2557 1072 2604 sed
1104 2557 1254 2603 etiam
1285 2558 1338 2603 in
1375 2558 1599 2619 margine
1632 2556 1830 2602 sinistro
1862 2554 1926 2601 ad

239 2631 515 2677 versionem
546 2630 755 2677 latinam
781 2631 960 2692 prioris
983 2630 1210 2678 lectionis
1234 2631 1578 2690 rempublicam
1600 2630 1926 2676 moderantem

241 2702 520 2751 adnotavit:
552 2704 666 2759 „Em
697 2706 759 2752 al.
789 2705 839 2753 Ο.
877 2705 927 2751 V.
952 2705 1053 2752 iud.
1077 2706 1408 2764 facinorosum
1431 2705 1636 2751 virum<
1684 2703 1751 2749 Et
1774 2701 1925 2750 codex

362 2890 403 2944 1)
437 2886 502 2931 Cf.
544 2887 712 2942 Zeller,
760 2888 807 2932 la
848 2889 1122 2945 diplomatie
1161 2888 1391 2946 francaise
1430 2901 1530 2931 vers
1569 2886 1615 2930 16
1653 2886 1815 2930 milieu
1861 2886 1923 2928 du

241 2947 365 2990 XV1²
398 2946 537 2991 siecle
568 2962 611 3003 p.
639 2951 707 2992 86.
