2010 3168
207 130 314 184 468
643 129 872 174 LIBANH
901 129 1291 176 DECLAMATIO
1323 131 1452 177 XXV

206 286 307 335 την
368 264 594 330 ἀδοξίαν
655 267 922 339 Κορίνθῳ
984 267 1522 337 κατασκευαζομένην
1590 269 1738 338 ὁρῶν
1805 266 1895 322 καὶ

205 357 393 408 πεῖσαί
450 375 603 418 τινας
665 355 1077 424 ἐπιχειροῦντας
1137 354 1224 425 ἐφ’
1294 350 1377 420 οἷς
1439 355 1709 425 ἐγνώκασι
1770 355 1894 428 περὶ

209 445 415 506 Λαίδος
453 448 876 513 μεταμελεῖσθαι
921 444 1012 498 καὶ
1059 444 1215 498 λύειν
1266 443 1562 509 ἐθέλοντας
1600 446 1665 499 τὰ
1706 447 1895 514 δεδογ-

205 532 342 602 μένα
380 538 571 596 καλῶς.
611 538 904 602 παρῆλθον
941 535 1136 587 τοίνυν
1175 531 1262 587 ἐπὶ
1301 535 1363 587 τὸ
1402 537 1549 604 βῆμα
1587 537 1895 603 Κορίνθιος

161 649 180 681 5
207 618 348 675 εἶναι
387 623 568 675 δοκῶν
607 622 780 675 αὐτόν
818 642 879 690 γε
918 624 987 691 δή
1024 640 1133 676 που
1166 623 1266 677 τὸν
1297 631 1391 693 τῆς
1423 623 1730 688 ἐπιδείξεως
1768 627 1893 694 χρό-

204 731 319 764 νον.
352 711 399 764 2.
425 713 528 780 ἤδη
554 712 655 780 μὲν
686 708 790 765 οὖν
822 711 850 765 ὁ
883 719 978 781 τῆς
1002 712 1210 775 Λαίδος
1242 714 1550 782 συνήγορος
1582 713 1894 782 ἀπηριθμή-

205 813 337 854 σατο
391 803 635 870 μοιχείας
687 799 778 854 καὶ
834 803 1044 870 φόνους
1094 802 1185 854 καὶ
1236 809 1331 870 τῆς
1386 800 1600 870 ἑταίρας
1655 800 1894 871 ἐγκώμια

204 891 383 942 Λαίδα
416 890 673 958 κατάγειν
705 891 818 943 ἄνω
851 890 939 943 καὶ
972 890 1115 943 κάτω
1150 889 1438 960 συμφέρον
1471 891 1709 959 δεικνύς,
1745 891 1894 960 ἡμεῖς

203 979 264 1031 δὲ
302 979 368 1031 τά
406 978 761 1049 πεπραγμένα
801 980 970 1032 Λαίδι
1009 978 1136 1032 καθ’
1176 979 1330 1048 ἡμῶν
1368 980 1457 1033 καὶ
1497 981 1598 1049 τὴν
1629 981 1733 1050 ἤδη
1768 981 1892 1050 περὶ

139 1093 180 1125 10
203 1075 304 1120 τοῦ
351 1068 422 1136 μὴ
471 1067 657 1137 μένειν
703 1071 1051 1138 κρατήσασαν
1096 1077 1311 1138 ψῆφον,
1368 1065 1484 1122 εἶτα
1537 1071 1598 1123 τὸ
1652 1070 1724 1139 μὴ
1773 1070 1893 1122 δεῖν

202 1157 640 1226 μεταβάλλεσθαι
694 1154 830 1226 μηδὲ
884 1158 985 1226 τὴν
1037 1159 1203 1211 πόλιν
1264 1158 1410 1228 παρὰ
1470 1168 1585 1221 τοῖς
1633 1157 1892 1227 ’Έλλησιν

203 1244 421 1309 ἀδοξεῖν
452 1246 875 1315 θεραπεύουσαν
908 1245 1129 1316 ἑταίραν
1160 1247 1250 1299 καὶ
1282 1248 1347 1299 τὰ
1380 1254 1605 1300 τοιαῦτα
1637 1245 1890 1317 διέξιμεν.

203 1337 250 1388 3.
290 1336 338 1387 εἰ
379 1334 444 1387 δέ
478 1354 560 1397 τις
598 1336 658 1388 τὸ
699 1338 914 1403 πλῆθος
945 1345 1057 1388 τῶν
1089 1334 1392 1405 εἰρημένων
1432 1345 1652 1388 σκοπῶν
1693 1336 1890 1389 δίδωσι

200 1424 261 1476 τὸ
300 1423 468 1477 πλέον
507 1433 622 1486 τοῖς
661 1423 1068 1493 ἀντιλέγουσιν,
1117 1424 1218 1477 οὐκ
1264 1424 1449 1494 ὀρθῶς
1494 1422 1710 1493 ἔγνωκε.
1757 1433 1889 1478 πᾶσι

137 1538 176 1571 15
204 1515 306 1582 γὰρ
347 1514 563 1576 τούτοις
601 1513 662 1566 τὸ
696 1512 984 1581 συμφέρον
1015 1516 1190 1583 μόνον
1227 1513 1573 1583 ἀντίρροπον.
1615 1513 1757 1566 οὕτω
1789 1511 1891 1582 μὲν

203 1601 436 1675 ἑκατέρω
483 1604 547 1655 τὰ
596 1611 708 1655 τῶν
755 1601 988 1670 ἀγώνων
1035 1602 1127 1654 ἴσα
1167 1603 1340 1670 δοκεῖ,
1387 1603 1447 1654 τὸ
1497 1598 1558 1655 δὲ
1607 1601 1775 1672 πέρας
1813 1608 1889 1674 τῷ

200 1691 452 1761 μέλλοντι
502 1695 879 1744 καταλείπεται
926 1692 1133 1762 χρόνῳ,
1179 1693 1415 1759 πότερον
1464 1691 1548 1743 δεῖ
1596 1699 1811 1760 κυροῦν
1858 1691 1889 1760 ἢ

201 1782 357 1834 λύειν
395 1783 456 1835 τὸ
496 1782 763 1850 ψήφισμα.

860 1928 937 1980 ‘H
966 1927 1214 1997 μελέτη.

111 2054 231 2098 RIV
247 2058 332 2097 432
497 2049 542 2100 1.
575 2048 938 2117 Αἰσχύνομαι,
970 2048 1037 2115 νὴ
1070 2048 1170 2116 τὴν
1201 2047 1610 2116 Σωφροσύνην,
1646 2048 1887 2115 συμβού-

134 2163 171 2193 21
202 2142 314 2191 λων
352 2137 620 2206 δεομένην
659 2138 760 2205 τὴν
798 2138 963 2190 πόλιν
1003 2135 1149 2205 ὁρῶν
1182 2138 1283 2205 τὴν
1314 2136 1613 2189 ἀκολασίαν
1653 2136 1886 2189 ἀπελαύ-

200 2341 262 2386 IV
259 2287 355 2434 2Ξ
378 2282 434 2326 cf.
459 2297 503 2338 p.
523 2287 628 2337 22‚8
754 2287 806 2325 15
840 2282 896 2326 cf.
922 2298 966 2339 p.
993 2287 1130 2335 477‚5
1256 2288 1307 2326 19
1341 2282 1556 2326 Εηείῑὲιίὼ.
1581 2281 1741 2338 Hysm.
1767 2281 1809 2325 II
1834 2286 1884 2335 63

321 2481 342 2518 1
377 2473 573 2527 ἀδοξίαν
606 2475 673 2518 Va
704 2475 784 2518 sed
817 2476 888 2528 οξι
918 2475 967 2518 in
991 2488 1065 2518 ras
1091 2480 1175 2517 4—
1181 2479 1205 2518 5
1231 2474 1311 2518 litt
1334 2474 1404 2518 m²
1431 2477 1437 2531 Ι
1465 2475 1514 2519 ἐν
1541 2476 1648 2518 ante
1673 2472 1883 2534 κορίνθῳ

202 2534 259 2576 Μ
290 2536 337 2578 et
366 2534 490 2577 inser
515 2533 625 2578 Ma²
762 2539 786 2576 3
818 2534 971 2578 λύσειν
1004 2535 1070 2577 Re
1131 2537 1266 2577 λῦσαι
1299 2534 1404 2578 coni
1437 2532 1592 2577 Gasda
1728 2539 1753 2577 5
1789 2521 1882 2578 ἐπί-

200 2591 384 2645 δείξεως
417 2594 483 2637 Va
508 2593 589 2636 sed
622 2592 697 2637 ἐπι
728 2594 777 2636 111
807 2608 883 2637 ras
915 2593 984 2636 m²
1045 2591 1293 2643 ἐπιδόσεως
1315 2595 1360 2637 Β
1389 2596 1394 2650 Ι
1423 2591 1559 2649 λόγον
1594 2593 1661 2636 Va
1693 2592 1774 2636 sed
1807 2592 1883 2636 del

201 2654 248 2695 eb
278 2651 446 2709 χρόνον
479 2665 693 2708 suprascr
835 2658 861 2697 8
893 2654 1020 2709 ὑμεῖς
1054 2653 1257 2697 ViMaOE
1400 2657 1453 2696 10
1486 2651 1545 2709 μὴ
1579 2665 1652 2695 0111
1687 2652 1744 2694 Vi

202 2717 252 2753 11
288 2711 348 2768 μὴ
382 2712 432 2755 δὲ
458 2713 554 2755 ΗΒ
568 2712 850 2756 VaViMaCl
880 2712 990 2756 Fen·
1028 2713 1034 2766 Ι
1077 2713 1182 2766 περὶ
1214 2712 1340 2756 Van
1461 2716 1513 2754 16
1548 2707 1624 2754 ἶσα
1658 2711 1884 2754 VaViMa

202 2771 254 2815 Ol
295 2773 300 2826 Ι
351 2772 402 2814 δὲ
434 2771 578 2825 πέρας
607 2771 794 2826 reposui
825 2784 850 2814 e
881 2771 1012 2814 libris
1074 2770 1218 2825 πέρας
1249 2769 1300 2814 δὲ
1334 2770 1424 2814 edd
1458 2769 1537 2814 sed
1569 2786 1622 2826 γρ
1656 2769 1706 2812 δὲ
1739 2768 1884 2825 πέρας

199 2829 247 2871 in
279 2843 411 2886 marg
440 2830 542 2873 Mor
664 2834 717 2873 18
749 2830 799 2873 τὸ
834 2844 908 2873 om
936 2830 990 2874 Ol
1111 2835 1163 2873 19
1192 2827 1254 2872 ‘H
1282 2828 1438 2886 μελέτη
1476 2829 1524 2872 in
1556 2841 1689 2885 marg
1715 2830 1826 2873 Ma²

201 2901 273 2931 om
300 2890 422 2932 BVa
435 2889 638 2933 ViMaOl
707 2887 840 2945 λόγος
873 2888 1191 2946 ἀντιλέγοντος
1222 2888 1322 2932 Mor
1354 2888 1420 2931 Re
1563 2892 1615 2930 21
1651 2886 1882 2943 δεομένων

201 2948 284 3003 ΗἸ
313 2949 427 3005 αὐτῇ
462 2948 740 2992 ἀπελαύνειν
775 2949 992 2993 VaMaOl
