2010 3168
577 121 1005 166 DEMOSTHENIS
1037 120 1339 165 APOLOGIA
1696 123 1805 177 375

117 269 228 314 τῶν
268 261 502 314 ἰδιωτῶν
532 256 624 311 καὶ
658 258 925 327 ρητόρων,
966 257 1026 310 ἐν
1058 249 1140 320 οἷς
1172 255 1504 326 ἀμφοτέροις
1535 259 1805 328 δυστυχῶ.

118 350 165 402 2.
205 350 352 402 ἄκων
389 345 490 418 μὲν
530 343 632 400 οὖν
670 348 786 415 καί,
825 347 893 415 νὴ
932 347 1070 414 Δία,
1114 347 1331 416 σφόδρα
1370 345 1677 415 ἀχθόμενος
1716 350 1804 402 λό-

117 458 232 506 γων
270 438 519 504 ἅπτομαι.
566 445 678 488 τῶν
726 432 827 502 μὲν
876 436 980 504 γὰρ
1029 434 1264 504 ἀνιῶμαι
1304 436 1692 505 μνημονεύων,
1738 438 1804 490 τά

117 523 178 580 δὲ
231 529 534 595 φοβοῦμαι,
589 526 654 578 τά
710 521 771 578 δὲ
821 525 1128 593 λογίζομαι,
1183 525 1255 592 μή
1310 527 1367 577 τί
1416 544 1482 594 με
1535 534 1648 579 τῶν
1701 527 1805 579 οὐκ

114 617 370 684 εἰρῆσθαι
419 622 527 668 νῦν
579 615 974 684 προσηκόντων
1018 611 1112 666 ὑπ’
1166 615 1335 676 ἔθους
1387 622 1500 666 τῶν
1551 619 1803 668 παλαιῶν
1849 638 1868 670 5

114 705 295 772 λόγων
350 702 576 774 ἐκφύγῃ.
630 701 750 756 ἀλλ’
800 703 928 756 οὔτε
980 722 1054 774 τω
1110 711 1222 756 τῶν
1275 705 1567 772 παρόντων
1609 702 1614 774 Ι
1666 709 1888 755 R1V281

113 790 324 846 λυποῖτ’
372 791 441 846 ἂν
483 793 757 855 Φίλιππος
803 792 903 861 τὴν
950 790 1196 860 ἀνάγκην
1243 792 1429 846 αὐτῶν
1466 795 1800 863 πυθόμενος,

115 881 181 935 οὐ
221 882 325 952 γὰρ
365 881 640 951 ἀγνοήσει,
681 879 797 935 οὔτ’
844 882 936 949 ἄν,
992 881 1039 934 εἰ
1078 881 1139 934 τὸ
1178 879 1349 934 πλέον
1387 884 1684 951 βιασθείην
1723 884 1801 947 εἰς

110 963 171 1024 τὸ
224 967 397 1039 μηδὲν
451 981 664 1024 σιωπᾶν
719 969 779 1023 ἐν
832 978 1045 1039 καιροῖς
1109 970 1200 1023 καὶ
1254 970 1571 1040 πράγμασιν
1629 970 1802 1036 ἀξίοις

112 1068 339 1129 σιωπῆς,
377 1067 474 1128 τῆς
510 1079 568 1113 τε
609 1060 754 1122 ἰδίας
792 1057 880 1112 καὶ
929 1066 1026 1128 τῆς
1073 1058 1333 1112 ἁπάντων
1374 1058 1584 1123 συνιεὶς
1621 1061 1801 1131 τύχης.
1827 1083 1869 1116 ιο

110 1148 159 1202 3.
197 1149 345 1218 παρὰ
389 1149 645 1219 Φιλίππῳ
684 1145 785 1218 μὲν
832 1144 935 1202 οὖν
982 1145 1149 1202 οὐδὲν
1189 1149 1379 1203 δεινὸν
1432 1151 1649 1203 ἔπαθον
1686 1151 1803 1203 καί·

111 1257 197 1291 τοι
234 1237 383 1290 πάνυ
421 1235 524 1307 μὲν
563 1239 748 1301 δείσας
786 1237 876 1291 καὶ
915 1239 1323 1308 προσδοκήσας,
1373 1237 1524 1302 ἄξιος
1571 1235 1632 1292 δὲ
1671 1244 1803 1303 ἴσως

110 1326 189 1381 ὢν
253 1325 445 1399 ἐκείνω
500 1330 787 1397 τιμωρίας,
843 1326 1035 1396 δέομαι
1100 1324 1160 1380 δὲ
1222 1325 1313 1380 καὶ
1375 1334 1483 1381 νῦν
1544 1328 1802 1382 ἀπαντῶν

109 1412 277 1469 οὐδὲν
313 1414 451 1486 μέγα
484 1415 575 1469 καὶ
608 1417 900 1485 δύσκολον,
933 1415 1070 1470 ἀλλά
1101 1415 1416 1485 παράδοξον
1447 1415 1564 1486 μέν,
1597 1415 1802 1486 ἀληθὲς

110 1505 171 1558 δὲ
210 1505 378 1574 ὅμως,
424 1505 597 1574 μηδὲν
635 1508 854 1576 χείρους
900 1505 1037 1575 μηδὲ
1076 1504 1430 1576 σκαιοτέρους
1467 1506 1610 1575 ὑμᾶς
1649 1506 1798 1574 γενέ·
1824 1529 1866 1562 15

228 1672 252 1711 6
285 1667 415 1714 Dem.
449 1682 541 1714 cor.
571 1683 616 1725 p.
643 1671 743 1722 323,
762 1671 788 1711 6

227 1821 252 1859 2
286 1816 343 1874 νὴ
367 1814 463 1861 Δία
494 1815 660 1873 scripsi
684 1817 872 1860 auctore
895 1815 1104 1860 Iacobsio
1129 1815 1236 1860 Add
1263 1819 1347 1859 118
1371 1815 1467 1859 Rev
1490 1821 1519 1859 4
1581 1822 1666 1860 νῦν
1690 1815 1799 1859 libri

108 1875 199 1920 edd
239 1877 319 1920 sed
355 1877 619 1933 „delendum
647 1876 827 1920 videtur
858 1881 940 1920 aut
977 1876 1180 1933 ἀνιῶμαι
1218 1876 1555 1921 collocandum“
1590 1874 1659 1919 Re

227 1939 252 1978 3
284 1936 393 1986 τοὺς
414 1937 515 1981 Par
646 1939 672 1979 4
706 1937 944 1992 φοβοῦμαι
967 1934 1270 1992 λογιζόμενος,
1303 1934 1365 1990 μή
1394 1950 1439 1979 τι
1470 1951 1524 1991 με
1554 1942 1647 1978 τῶν
1678 1934 1797 1991 εἰρῆ-

108 1997 223 2039 σθαι
255 1995 359 2039 coni
383 1995 449 2039 Re
477 1997 541 2052 Ιμ
544 2011 565 2039 ε
594 1995 781 2051 reposui
807 2009 832 2040 e
865 1995 1175 2062 VaBParMa
1205 1997 1259 2038 ut
1290 1994 1394 2038 coni
1418 1994 1485 2038 Rc
1545 2008 1622 2038 om
1646 1995 1748 2038 HV

108 2070 187 2111 μοι
212 2055 258 2098 Ρ
286 2054 377 2098 edd
521 2059 547 2098 6
580 2054 683 2098 οὔτε
714 2070 777 2114 τῳ
810 2053 976 2124 scripsi
1045 2053 1145 2098 οὔτι
1175 2070 1254 2111 μοι
1288 2053 1397 2097 libri
1436 2054 1527 2097 edd
1559 2053 1642 2097 sed
1677 2068 1799 2111 „cor-

106 2119 293 2170 ruptum
322 2115 363 2158 h.
392 2115 419 2158 l.
444 2127 539 2158 non
567 2114 741 2170 reperio
765 2115 845 2170 qui
873 2128 1042 2158 sanem
1074 2115 1154 2158 hoe
1183 2114 1326 2168 video,
1352 2127 1440 2169 pro
1473 2112 1574 2157 οὔτι
1606 2089 1697 2171 leq?
1710 2127 1799 2158 esse

109 2172 212 2217 οὔτε
243 2175 321 2217 cui
350 2173 586 2247 respondet
616 2174 854 2229 insequens
885 2172 990 2217 οὔτε
1018 2174 1161 2229 paulo
1184 2175 1315 2230 post“
1351 2173 1419 2216 Re
1557 2177 1580 2216 7
1614 2170 1792 2216 λυποῖτ’

108 2229 168 2276 ἂν
192 2232 357 2288 scripsi
433 2230 637 2276 λείπεται
667 2231 778 2275 libri
810 2231 898 2276 edd
975 2235 1189 2277 λυπεῖται
1230 2232 1334 2276 coni
1364 2231 1526 2276 Iacobs
1571 2231 1680 2275 Add
1711 2236 1796 2276 269

106 2290 221 2336 Leclz
253 2295 338 2335 105
370 2291 467 2334 Rev
498 2296 526 2335 4
662 2295 688 2335 8
721 2288 828 2335 οὐδ’
863 2292 968 2336 coni
998 2290 1162 2336 Iacobs
1194 2291 1293 2335 Rev
1316 2296 1343 2335 5
1371 2293 1426 2348 Ιε
1406 2291 1463 2349 εἰ]
1498 2290 1565 2343 εἰς
1591 2292 1679 2336 Μα

109 2355 134 2394 9
169 2357 350 2395 σιωπᾶν
382 2350 547 2407 scripsi
578 2365 602 2394 e
641 2367 696 2408 γρ
734 2350 784 2395 in
821 2364 956 2407 marg
985 2351 1108 2406 Mor,
1145 2352 1201 2395 ut
1239 2351 1344 2395 coni
1375 2350 1443 2394 Re
1483 2352 1530 2394 ct
1560 2350 1722 2394 Iacobs

108 2417 295 2454 σιωπῶν
324 2410 434 2454 libri
466 2409 557 2453 edd
603 2411 609 2466 Ι
658 2417 840 2460 καινοῖς
871 2410 975 2454 coni
1004 2409 1169 2454 Iacobs
1201 2410 1313 2455 Lect
1345 2414 1429 2454 105
1462 2409 1589 2453 Anth
1619 2409 1703 2453 Pal
1734 2409 1798 2452 ΠΙ

108 2473 192 2512 211
219 2469 315 2512 Rev
340 2475 366 2514 5
394 2472 400 2525 Ι
429 2469 508 2513 καὶ
531 2468 706 2513 inserui
730 2481 785 2513 ex
804 2470 1030 2515 HVVaB
1091 2483 1162 2513 om
1182 2471 1422 2514 ParMaP
1442 2468 1533 2513 edd
1560 2471 1566 2525 Ι
1593 2469 1674 2513 καὶ
1689 2470 1797 2525 post

107 2526 344 2585 πράγμασι
360 2528 658 2573 inserendum
674 2528 779 2572 coni
794 2529 956 2573 Iacobs
1080 2532 1133 2573 10
1158 2529 1238 2573 καὶ
1262 2530 1370 2573 ante
1392 2529 1545 2585 τῆς(1)
1570 2527 1680 2571 libri
1704 2527 1796 2571 edd

168 2587 319 2632 delevi
351 2587 620 2632 auctoribus
652 2587 720 2631 Re
751 2589 799 2631 ci:
828 2588 1039 2633 Iacobsio
1174 2593 1226 2632 11
1258 2588 1366 2643 περὶ
1400 2589 1467 2632 Va
1516 2589 1522 2643 Ι
1571 2587 1676 2659 μὲν]
1708 2593 1796 2631 νῦν

108 2646 215 2691 HV
329 2651 383 2691 12
414 2645 750 2702 προσδοκήσας,
783 2645 1006 2700 ἀναξίους
1033 2663 1118 2703 μεν
1149 2647 1260 2704 ἐμοῦ
1292 2647 1372 2691 καὶ
1403 2647 1545 2717 ὑμῶν,
1577 2642 1713 2699 ἀξίας
1743 2646 1794 2690 δὲ

109 2704 217 2756 ἴσως
248 2704 426 2751 ἐκείνου
457 2703 678 2762 τιμωρίας
715 2706 820 2750 coni
851 2706 918 2751 Re
969 2708 976 2765 Ι
1025 2705 1165 2760 ἀξίως
1186 2707 1292 2751 HV
1430 2711 1485 2749 13
1525 2703 1591 2750 ὢν
1630 2704 1795 2761 scripsi

109 2766 298 2809 auctore
327 2765 537 2809 Iacobsio
569 2765 681 2809 Lech
707 2769 790 2809 105
822 2766 919 2810 Rev
943 2770 969 2810 5
1046 2764 1107 2810 ἂν
1141 2765 1251 2809 libri
1283 2765 1374 2810 edd
1423 2766 1430 2822 Ι
1479 2765 1530 2808 δὲ
1555 2766 1601 2808 Ρ
1629 2763 1709 2808 sed
1741 2765 1793 2807 δε

108 2822 159 2867 in
188 2836 263 2867 ras
293 2823 363 2867 m²
389 2826 396 2881 1
424 2826 644 2869 ἀπαντῶν
676 2824 840 2881 scripsi
871 2826 1059 2870 auctore
1090 2823 1299 2869 Iacobsio
1331 2824 1445 2868 Lecta
1471 2827 1554 2867 105
1586 2823 1683 2867 Rev
1707 2828 1732 2867 5

109 2881 330 2927 ἁπάντων
360 2882 470 2927 libri
502 2883 593 2927 edd
625 2883 707 2926 scd
742 2890 868 2940 „post
896 2883 1119 2929 ἁπάντων
1153 2885 1332 2928 videtur
1362 2884 1490 2940 ὑμῶν
1521 2883 1689 2927 deesse“
1725 2882 1792 2926 Re

230 2946 283 2985 15
316 2941 376 2999 μὴ
409 2942 460 2986 δὲ
487 2945 533 2987 Ρ
587 2941 702 2999 μηδὲ
734 2942 836 2986 Mor
862 2945 867 3000 Ι
895 2942 955 3000 μὴ
988 2943 1038 2988 δὲ
1064 2944 1391 2988 HVaBParP
