2010 3168
178 125 289 177 602
609 124 837 169 LIBANII
867 124 1257 170 DECLAMATIO
1289 124 1438 169 XXIX

179 260 590 330 διερρηγνύμην
627 259 1082 330 ἐμπιμπλάμενος.
1123 259 1323 329 ἑσπέρα
1359 260 1656 315 πάλινκαὶ
1694 262 1868 325 ὕπνος

176 348 556 417 ἀφρόντιστος.
597 349 725 402 οὔτε
765 349 868 419 γὰρ
909 349 1223 402 ἀποδόσθαι
1265 369 1318 402 τι
1357 347 1524 420 ἐχρῆν
1563 351 1690 404 οὔτε
1727 349 1868 420 ὠνή-

178 443 413 504 σασθαι,
459 437 598 491 ἀλλὰ
643 436 734 490 καὶ
775 437 933 508 μέχρι
979 446 1074 507 τῆς
1113 437 1278 506 εὐνῆς
1316 439 1481 500 ἄλλος
1518 434 1588 506 ἧν
1627 438 1655 492 ὁ
1696 459 1866 510 φρον-

177 528 339 591 τίζων
390 533 490 579 τοῦ
558 526 899 595 πράγματος,
963 527 1191 597 ἄριστον
1252 527 1559 596 αἱρεῖσθαι,
1621 528 1868 581 δειπνεῖν

130 637 154 669 5
178 618 502 677 πολυτελῶς.
541 617 739 667 πενίαν
778 615 880 668 οὐκ
920 613 1237 684 ἐδεδοίκειν,
1275 623 1376 668 τοῦ
1406 619 1668 670 πλουτεῖν
1700 613 1868 670 οὐδὲν

180 703 425 771 ἐδεόμην.
506 703 589 756 18.
650 715 821 757 πᾶσιν
885 704 1094 773 ἡδόμην
1161 714 1276 767 τοῖς
1343 713 1570 774 καιροῖς.
1639 702 1736 772 ἔαρ
1769 702 1869 773 -ἦν

177 793 407 860 ἥδιστον
453 790 597 861 ἐμοί,
651 791 743 845 καὶ
790 794 895 863 γὰρ
942 789 1013 861 ἧν
1052 792 1081 846 ὁ
1119 789 1396 855 πότος’ἐν
1442 793 1651 863 ῥόδοις,
1697 796 1759 847 τὸ
1807 791 1869 847 δὲ

177 880 346 950 θέρος
382 888 641 934 τοιοῦτον
680 880 871 951 ἕτερον
915 882 1140 935 πάντων
1178 879 1280 950 μὲν
1326 882 1573 951 εὔφορον
1618 892 1730 936 τῶν
1774 903 1868 935 κα-

179 973 308 1037 λῶν,
348 968 729 1037 ἐκτεινόμενον
769 967 830 1023 δὲ
868 979 987 1033 ταῖς
1018 969 1259 1039 ἡμέραις,
1290 970 1498 1039 <ὥστε>
1528 969 1620 1023 καὶ
1657 972 1868 1040 πολλὴν

110 1081 155 1113 10
178 1058 406 1126 ἀρίστου
447 1061 652 1128 σχολὴν
691 1055 834 1112 εἶναι
871 1061 963 1112 καὶ
1002 1060 1232 1112 δείπνου
1270 1061 1536 1127 πλείστην
1564 1061 1867 1129 διατριβήν.

177 1148 238 1200 τὸ
287 1150 659 1217 φθινόπωρον
710 1142 819 1217 εἶχε
864 1149 960 1211 τὰς
1012 1149 1158 1218 ὥρας
1208 1148 1458 1218 εὐκραεῖς
1510 1146 1602 1201 καὶ
1657 1154 1867 1202 θᾶττον

178 1233 247 1305 ἦν
285 1238 351 1290 τὰ
390 1239 535 1290 σιτία
574 1235 928 1291 καταπέττειν
965 1235 1056 1290 καὶ
1095 1240 1307 1306 μᾶλλον
1338 1236 1564 1290 ἐσθίειν.
1603 1236 1633 1290 ὁ
1666 1237 1868 1306 χειμὼν

179 1326 456 1394 ἐπεγίνετο
495 1324 586 1379 καὶ
624 1327 763 1397 πρὸς
799 1327 861 1379 τὸ
902 1335 1105 1395 φαγεῖν
1143 1325 1490 1396 ἐπερρώννυε
1527 1330 1738 1394 μᾶλλον
1775 1324 1867 1378 καὶ

177 1425 289 1468 τῶν
327 1416 426 1483 μὲν
466 1413 677 1479 ἔξωθεν
715 1417 903 1468 πόνων
940 1416 1031 1468 καὶ
1069 1416 1403 1484 πραγμάτων
1445 1414 1679 1483 ἡσυχίαν
1717 1410 1866 1483 ἦγεν,

111 1526 153 1560 15
179 1509 322 1557 οἴκοι
363 1501 424 1556 δὲ
462 1503 650 1572 μένειν
688 1501 926 1557 ἔπειθεν.
966 1505 1028 1557 ἓν
1066 1505 1167 1571 μὲν
1207 1503 1384 1557 ἐδόκει
1424 1509 1644 1572 λυπεῖν,
1683 1504 1868 1572 ἡτῶν

178 1602 396 1646 νυκτῶν
438 1593 758 1662 παράτασις,
798 1591 914 1646 ἀλλ’
963 1593 1136 1655 εὐθὺς
1176 1592 1292 1662 [ἂν]
1334 1590 1587 1646 ἐωθινῶν
1626 1591 1867 1662 ἀρίστων

180 1682 290 1734 ἔδει
351 1679 441 1734 καὶ
503 1680 688 1743 οὐδεὶς
749 1681 819 1735 ἄν
881 1681 1177 1750 ἐπετίμησε.
1237 1679 1329 1734 καὶ
1384 1682 1462 1744 εἰς
1516 1679 1751 1747 ἑσπέραν
1806 1681 1867 1734 δὲ

300 1876 322 1913 1
358 1870 414 1915 cf.
447 1886 491 1928 p.
520 1875 619 1926 606,
639 1876 691 1914 12
816 1876 841 1914 2
874 1870 987 1914 Xen.
1015 1885 1142 1915 conv.
1170 1875 1210 1925 6,
1228 1875 1253 1913 6
1378 1875 1429 1915 11
1466 1870 1581 1927 Opp.
1609 1884 1710 1926 eyn.
1735 1870 1756 1913 I
1782 1875 1865 1914 118

299 2053 320 2090 1
356 2047 697 2104 ἐμπιπλάμενος
726 2049 837 2092 libri
869 2049 960 2093 edd
993 2048 1050 2092 cf.
1075 2064 1120 2105 p.
1147 2054 1291 2104 601,9
1414 2054 1438 2093 2
1474 2048 1611 2106 ἐχρῆν
1643 2047 1807 2104 scripsi

177 2106 287 2163 ἐξῆν
328 2106 438 2150 libri
482 2108 564 2151 sed
606 2107 656 2151 in
701 2108 838 2165 ἐχρῆν
882 2121 984 2151 corr
1013 2108 1251 2164 LanMa²‚
1283 2109 1374 2152 edd
1517 2114 1544 2152 4
1588 2107 1776 2162 ἄριστον
1808 2132 1864 2138 -

177 2171 204 2209 5
237 2168 493 2217 πολυτελῶς
524 2166 724 2210 delenda,
757 2169 915 2211 censet
943 2167 1100 2211 Grasda
1221 2173 1245 2211 5
1281 2168 1366 2211 οὐκ
1392 2165 1645 2212 ἐδεδοίκειν
1665 2167 1754 2210 Μα
1785 2166 1866 2210 sed

175 2235 234 2268 ex
267 2225 322 2268 οὐ
354 2224 586 2270 ὃεδοίκειν
618 2239 719 2270 corr
749 2227 820 2269 m'
950 2231 973 2269 7
1008 2225 1060 2271 δὲ
1090 2226 1267 2271 inserui
1299 2240 1323 2270 e
1354 2226 1488 2270 libris
1550 2240 1626 2269 om
1657 2224 1749 2269 edd.

175 2287 204 2327 8
237 2284 423 2339 εὔφρων
454 2285 565 2328 Ferr
640 2282 816 2340 εὖφρον
847 2285 949 2329 Mor
981 2285 1061 2341 qui
1102 2285 1305 2341 εὔφορον
1338 2286 1443 2329 00111
1586 2288 1611 2327 9
1652 2282 1764 2327 ὥστε
1795 2283 1866 2326 111-

177 2343 300 2386 serui
333 2358 437 2386 cum
469 2342 623 2387 Gasda
692 2357 767 2387 om
800 2344 910 2387 libri
943 2345 1033 2388 edd
1061 2346 1067 2401 Ι
1093 2345 1266 2389 πολλυν
1290 2345 1455 2412 (πολὺν
1486 2344 1603 2397 Mor)
1636 2341 1865 2400 ἀχρήστου

177 2402 288 2445 Ferr
319 2401 420 2446 Mor
451 2403 532 2458 qui
565 2401 755 2470 ἀρίστου
788 2403 893 2447 00111
1030 2409 1082 2447 11
1118 2399 1210 2461 εἶχε
1241 2403 1406 2460 scripsi
1468 2403 1515 2460 ἔχ
1519 2418 1558 2446 ει
1588 2402 1699 2445 libri
1730 2401 1844 2444 odd
1858 2408 1861 2459 ι

176 2461 387 2515 εὐκραεῖς
410 2462 486 2505 La
518 2462 599 2505 sed
631 2469 697 2513 εἷς
726 2462 775 2505 111
807 2476 881 2506 ras
909 2478 943 2506 κ
1080 2467 1133 2506 12
1165 2461 1346 2507 πέττειν
1378 2420 1515 2506 Feri-x
1518 2461 1620 2505 Mor
1668 2461 1674 2518 Ι
1723 2459 1865 2504 πλέον

175 2519 334 2563 Gasda
471 2524 523 2564 13
558 2519 820 2577 ἐπεγίγνετο
845 2521 1013 2566 LaMa
1040 2523 1046 2578 Ι
1073 2521 1125 2566 τὸ
1158 2521 1284 2565 inser
1309 2521 1419 2566 Ma³
1445 2522 1452 2575 Ι
1481 2520 1791 2576 ἐπερρώννυσι
1813 2519 1870 2562 Η

236 2578 516 2634 ἐπερρώνυσι
549 2581 594 2624 V
647 2580 955 2635 ἐπιρρώννυσι
977 2580 1054 2624 La
1115 2581 1391 2636 ἐπιρρώνυσι
1418 2582 1506 2624 Ma
1629 2582 1682 2621 14
1717 2592 1865 2634 πραγ-

175 2636 333 2693 μάτων
358 2639 447 2682 Ma
480 2639 561 2682 sed
594 2655 652 2694 αγ
626 2655 686 2694 γμ
716 2639 840 2682 inser
870 2639 939 2681 m2
974 2639 981 2696 Ι
1023 2634 1133 2696 ἦγεν
1165 2640 1330 2695 scripsi
1363 2654 1418 2684 ex
1441 2638 1633 2683 HVMa
1692 2635 1864 2693 ἤγαγεν

176 2696 253 2740 La
313 2695 445 2752 ἄγειν
471 2697 508 2741 O
535 2697 627 2741 edd
654 2699 660 2753 Ι
699 2696 748 2741 ἓν
780 2695 864 2754 μὲν
894 2699 1058 2754 scripsi
1083 2711 1108 2741 0
1132 2698 1208 2743 La
1232 2712 1338 2742 cum
1363 2697 1543 2742 Sinteni
1606 2695 1656 2740 εν
1687 2710 1741 2751 με
1764 2696 1870 2738 HV

178 2755 305 2799 OMa
332 2756 423 2798 edd
546 2761 600 2799 16
631 2755 919 2810 παράστασις
942 2758 1018 2801 La
1049 2757 1131 2801 sed
1161 2773 1218 2800 τα
1250 2771 1391 2814 supra
1423 2771 1506 2800 στα
1529 2770 1562 2799 κ
1608 2755 1614 2813 Ι
1665 2753 1724 2798 ἂν
1756 2767 1863 2797 can-

176 2813 343 2858 cellavi
376 2828 480 2859 cum
511 2814 721 2859 Iacobsio
754 2815 867 2858 Lech
890 2820 944 2859 99
978 2815 1130 2872 collp
1136 2820 1270 2870 .6Ο,3
1290 2822 1312 2858 1
1365 2818 1371 2873 Ι
1421 2815 1633 2859 ἑωθινῶν
1665 2810 1863 2868 ἀρίστων

177 2872 343 2974 scripsi
360 2875 548 2918 aucssore
564 2873 631 2917 Re
693 2874 932 2918 ἑωθινὸν’
913 2874 1101 2929 ἄριστον
1099 2831 1226 2918 libri
1244 2875 1336 2919 edd
1391 2875 1436 2927 ἐξ
1455 2874 1658 2918 ἑωθινοῦ
1676 2870 1864 2927 ἀρίστου

201 2943 282 2975 aco
319 2946 338 2974 s
