2010 3168
225 121 335 173 394
655 119 882 164 LIBANII
911 120 1299 165 DECLAMATIO
1331 121 1480 165 XXIII

222 262 329 310 εἴτε
369 257 580 325 δαίμων
619 261 724 309 εἴτε
762 259 926 325 ποινή
966 277 1047 318 τις
1088 258 1164 319 εἰς
1202 264 1372 310 ταῦτα
1409 260 1743 326 παρήγαγεν,
1775 255 1907 311 οὐδὲ
1970 306 1973 309 ,

221 343 403 399 ἔδεισα
456 346 553 399 τὸν
609 346 909 409 Πλάτωνος
972 347 1174 415 φόβον,
1236 343 1354 399 ἀλλ’
1421 344 1786 416 ἀποχρώντως
1847 346 1907 399 ἐν

219 435 353 503 ὑμῖν
393 433 843 503 ἐπολιτευσάμην,
884 437 1175 505 γεγήρακα,
1214 437 1508 504 πεπόνηκα.
1553 435 1638 488 33.
1679 432 1720 488 ὦ
1762 438 1905 504 βῆμα

219 522 309 577 καὶ
340 525 502 577 πόνοι
534 521 624 576 καὶ
657 524 858 576 πλάναι
891 522 982 576 καὶ
1016 526 1211 593 δρόμοι
1243 522 1333 576 καὶ
1372 524 1571 593 μακραὶ
1613 525 1907 594 φροντίδες

176 634 195 666 5
219 613 309 665 καὶ
342 613 591 681 Ἀρκαδία
629 611 720 665 καὶ
760 614 996 665 Βοιωτία
1034 611 1125 665 καὶ
1162 616 1426 666 Θετταλία
1465 614 1552 666 καὶ
1588 613 1775 666 Πύλαι
1813 613 1904 666 καὶ

220 700 460 770 φυλακαὶ
500 709 594 770 τῆς
619 699 899 770 Ἑλλάδος,
940 700 1027 771 ἐφ’
1066 694 1149 765 οἷς
1181 701 1239 755 ἐκ
1270 701 1400 755 νέου
1431 700 1587 771 μέχρι
1628 710 1724 772 τῆς
1762 719 1899 771 παρ-

219 792 387 860 ούσης
433 791 646 859 ἡλικίας
691 792 1251 861 τεταλαιπωρήκαμεν.
1298 794 1355 844 τί
1391 787 1493 844 οὖν
1525 791 1721 859 ἀδικῶ,
1769 791 1904 859 πρὸς

217 889 329 933 τῶν
374 884 550 947 θεῶν,
598 880 646 933 εἰ
697 882 795 933 τὸν
842 881 1034 948 ὀλίγον
1081 888 1282 934 τοῦτον
1329 879 1419 933 καὶ
1467 881 1663 934 λοιπὸν
1702 882 1905 950 χρόνον

217 966 330 1022 κατ’
380 967 616 1037 ἐμαυτὸν
655 972 853 1038 βιῶναι
892 970 1186 1040 βούλομαι;
1230 969 1359 1023 οὐδὲ
1398 970 1580 1039 Χάρης
1619 968 1703 1022 ἀεὶ
1744 981 1903 1038 στρα-

151 1079 193 1111 10
217 1067 372 1125 τηγεῖ
437 1058 568 1111 οὐδὲ
629 1059 939 1127 Διοπείθης
1002 1057 1085 1111 ἀεὶ
1149 1058 1360 1112 ἐπιπλεῖ
1429 1055 1561 1111 οὐδὲ
1621 1056 1904 1119 ιΜενέλαος

215 1145 370 1215 <ἀεὶ>
427 1147 706 1216 ίππαρχεῖ,
769 1147 908 1200 ἀλλὰ
968 1156 1138 1201 ταῦτα
1202 1147 1260 1200 ἐκ
1322 1149 1596 1216 διαδοχῆς.
1660 1147 1750 1199 καὶ
1804 1147 1904 1215 τὴν

216 1237 498 1289 πολιτείαν
530 1236 705 1299 οὕτως
736 1233 882 1306 ἔχειν
915 1235 1083 1300 ἄξιον.
1122 1237 1210 1290 καὶ
1243 1237 1345 1307 γὰρ
1380 1238 1428 1289 εἰ
1458 1236 1557 1303 μὲν
1591 1237 1903 1305 λειτουργίᾳ

215 1323 325 1378 τινὶ
364 1326 424 1378 τὸ
464 1333 686 1395 πρᾶγμα
726 1327 928 1394 ἔοικεν,
977 1326 1078 1379 οὐκ
1125 1324 1208 1379 ἀεὶ
1255 1327 1353 1379 τὸν
1395 1325 1563 1379 αὐτὸν
1601 1324 1902 1394 ἐπιτρίβειν

218 1413 446 1476 ἐπιεικές
507 1413 678 1467 ἐστιν·
742 1418 793 1468 εί
853 1412 914 1468 δὲ
974 1417 1098 1484 τιμὴ
1162 1413 1250 1468 καὶ
1305 1415 1623 1482 δυναστεία,
1685 1415 1901 1466 δίκαιον

149 1524 189 1556 15
213 1504 393 1572 ὥσπερ
451 1503 511 1557 ἐν
563 1513 681 1567 ταῖς
735 1504 926 1574 ἀρχαῖς
979 1506 1180 1566 ἄλλους
1231 1505 1417 1566 ἄλλοις
1462 1502 1742 1568 ὑπεξιέναι
1797 1509 1896 1555 τοῦ

125 1597 166 1640 R·
181 1597 244 1641 IV
263 1601 346 1640 295
392 1592 599 1655 πάντας
634 1593 640 1662 Ι
676 1592 736 1646 ἐν
767 1594 949 1663 κύκλῳ
981 1594 1180 1662 ταύτης
1211 1592 1517 1646 ἀπολαῦσαι
1551 1601 1645 1661 τῆς
1680 1595 1901 1644 πλεονε-

214 1679 342 1744 ξίας.
382 1681 487 1734 34..
508 1683 728 1744 εἰκότως
767 1681 837 1735 ἂν
876 1678 979 1735 οὖν
1018 1681 1218 1752 ὁμοίως
1257 1683 1330 1744 ὡς
1368 1691 1482 1744 τοῖς
1521 1689 1778 1748 κωμικοῖς
1809 1678 1899 1733 καὶ

213 1778 490 1838 τραγικοῖς
537 1780 788 1839 ποιηταῖς
833 1769 1330 1839 παραιτησαμένοις
1377 1768 1468 1823 καὶ
1515 1771 1586 1838 μὴ
1640 1768 1900 1837 βουλομέ-

210 1877 330 1920 νοις
385 1857 764 1922 ἐπιδείξασθαι
817 1860 985 1929 χορὸν
1039 1859 1252 1928 ἀφίετε,
1299 1859 1390 1912 καὶ
1443 1857 1563 1928 ἐμοὶ
1616 1859 1897 1927 συγχωρή-

335 1979 359 2016 2
392 1974 508 2019 Plat.
542 1989 636 2032 rep.
663 1975 703 2018 V
735 1990 779 2031 p.
807 1974 943 2019 4730
1087 1979 1112 2019 5
1152 1975 1282 2019 Dem.
1316 1975 1483 2031 Megal.
1516 1991 1560 2032 p.
1587 1979 1671 2029 202
1689 1989 1755 2030 sq.

212 2038 238 2075 9
271 2033 401 2077 Dem.
428 2033 580 2078 Chers.
605 2050 649 2091 p.
669 2039 738 2088 97,
760 2039 813 2078 13
832 2049 898 2091 sq.
1022 2039 1076 2079 10
1109 2034 1237 2079 Dem.
1266 2034 1384 2078 Phil.
1402 2035 1423 2078 I
1447 2040 1471 2088 ξ
1498 2039 1551 2078 27
1578 2050 1621 2092 p.
1641 2038 1776 2086 47,21

216 2097 268 2136 15
302 2093 429 2136 Dem.
462 2108 507 2150 p.
536 2099 632 2150 775,
653 2099 707 2138 26

331 2201 356 2239 2
389 2197 608 2254 ἀποχρῶν
639 2205 730 2242 τῶν
762 2198 863 2242 Mor
901 2201 907 2253 Ι
951 2197 999 2242 ἐν
1033 2199 1140 2252 ὑμῖν
1173 2212 1247 2242 om
1282 2200 1497 2243 VaBPar
1616 2203 1641 2242 5
1674 2195 1895 2241 θετταλία

211 2256 290 2300 καὶ
322 2254 512 2313 βοιωτία
539 2258 627 2301 Μα
757 2262 781 2300 9
814 2256 945 2315 χάρις
970 2258 1076 2301 HV
1117 2260 1123 2313 Ι
1174 2258 1267 2302 αἰεὶ
1300 2259 1343 2302 V
1474 2262 1524 2301 11
1559 2257 1632 2301 ἀεὶ
1662 2256 1837 2300 inserui

211 2329 286 2359 om
317 2314 426 2358 libri
457 2315 548 2358 edd
590 2319 596 2372 1
640 2315 770 2360 ἐπιπ·
808 2318 872 2361 Va
907 2317 986 2360 sed
1020 2316 1243 2374 ἱππαρχεῖ
1271 2331 1485 2373 suprascr
1525 2319 1531 2374 Ι
1572 2323 1718 2360 ταῦτα
1750 2330 1825 2359 om
1859 2317 1902 2360 V

331 2408 386 2447 14
417 2403 478 2461 μὴ
511 2406 619 2448 ante
653 2402 902 2449 δυναστεία
927 2406 1074 2450 HVJ>
1103 2405 1193 2448 edd
1256 2405 1407 2450 delevi
1530 2409 1582 2447 15
1615 2391 1780 2454 ἄλλὸἐῦς
1804 2406 1849 2449 Β
1885 2405 1889 2460 ξ

209 2461 447 2517 ὑπεξιέναι
478 2464 642 2519 scripsi
674 2463 777 2507 coll.
810 2463 940 2508 Dem.
966 2464 995 2508 1.
1021 2464 1050 2508 l.
1077 2466 1263 2508 auctore
1288 2465 1355 2508 Re
1418 2463 1646 2517 ἐπεξιέναι
1669 2463 1778 2506 libri
1802 2463 1892 2506 edd

333 2527 385 2566 17
420 2519 504 2566 οὖν
537 2521 595 2566 ἂν
622 2525 709 2567 Μα
737 2525 742 2579 Ι
771 2524 831 2574 ὡς
853 2523 1028 2567 inserui
1052 2523 1168 2567 Mus.
1195 2523 1340 2567 Rhen.
1366 2523 1536 2567 XXXII
1561 2527 1614 2565 95
1678 2537 1752 2566 om
1783 2522 1892 2566 libri

211 2581 301 2624 edd
446 2585 501 2625 18
533 2582 594 2633 ὡς
623 2584 732 2638 post
762 2590 977 2638 ποιηταῖς
1005 2582 1115 2626 libri
1146 2583 1236 2626 edd
1276 2583 1358 2626 sed
1394 2583 1656 2640 „delendum
1686 2582 1889 2626 videtur“

209 2640 277 2684 Re
339 2640 488 2684 delevi
550 2640 596 2683 in
623 2638 693 2691 οἷς
708 2642 983 2685 mutandum
1009 2644 1285 2685 censuerunt
1301 2641 1537 2685 Iacobsius
1556 2641 1661 2684 Add
1679 2645 1762 2685 339
1782 2641 1894 2684 Lech

209 2703 293 2742 407
326 2699 422 2742 Rev
454 2705 479 2742 5
512 2701 559 2743 et
591 2699 789 2743 Cobetus
823 2700 922 2744 Coll
953 2704 1038 2744 290
1161 2705 1213 2743 19
1248 2699 1575 2753 ἐπιδείξασθαι
1606 2699 1767 2755 scripsi
1801 2700 1892 2743 coll

208 2758 329 2801 {2111
361 2762 460 2810 354,
479 2763 532 2801 21
579 2760 767 2803 auctore
807 2759 979 2803 Cobeto
1052 2758 1280 2811 δέξασθαι
1312 2759 1420 2803 libri
1452 2759 1541 2803 edd
1603 2758 1891 2811 διδάξασθαι

209 2817 313 2860 coni
343 2817 506 2862 Iacobs
533 2818 540 2876 Ι
568 2817 706 2874 χορὸν
738 2818 903 2874 scripsi
935 2820 1123 2862 auctore
1155 2818 1222 2861 Re
1261 2833 1366 2862 cum
1396 2817 1604 2862 Iacobsio
1637 2819 1684 2861 el:
1715 2816 1887 2862 Cobelzo

264 2874 435 2933 χρόνον
466 2877 574 2920 libri
598 2877 687 2920 edd
713 2877 770 2920 cf.
802 2877 916 2921 Bast
949 2877 1083 2934 Greg.
1117 2876 1215 2920 Gor.
1250 2893 1295 2934 p.
1321 2882 1404 2920 849
1455 2877 1462 2935 Ι
1510 2874 1659 2932 ἐφίετε
1682 2876 1843 2921 Iacobs
1879 2876 1884 2935 Ι

207 2934 541 2992 συγχωρήσαιτε
573 2936 735 2994 scripsi
767 2951 871 2980 cum
904 2935 1075 2980 Cobeto
1137 2935 1452 2997 συγχωρήσατε
1483 2936 1592 2980 lib‘ri
1623 2935 1715 2980 edd
