2010 3168
546 117 1026 164 ARISTOPHONTIS
1059 117 1284 162 ORATIO
1660 117 1763 169 165

73 255 134 310 δὲ
173 259 302 319 τοὺς
342 255 577 324 ῥήτορας
616 254 718 307 οὐκ
757 253 819 307 ἐν
858 253 997 324 ἀρχῇ
1036 262 1101 324 τῇ
1140 257 1367 324 μεγίστῃ
1406 256 1643 321 θήσεθε;
1684 246 1767 316 οἷς

71 354 293 414 πρῶτον
314 341 417 411 μὲν
446 344 578 405 τοὺς
603 343 838 410 ἰδιώτας,
874 346 881 408 Ι
918 342 991 404 ὡς
1015 351 1131 404 τοῖς
1154 343 1439 412 ἄρχουσιν,
1465 342 1624 396 ἀντο-
1648 346 1783 391 H.IX
1800 350 1857 390 40

73 434 342 503 νομάζετε.
391 427 488 484 εἶτ’
534 431 735 484 ἐκεῖνοι
773 428 876 500 μὲν
914 429 1163 500 ἐπέτειοι,
1203 431 1296 483 διὰ
1332 433 1459 500 βίου
1500 427 1561 484 δὲ
1601 431 1768 500 ἡμεῖς.

73 520 163 576 καὶ
211 522 262 575 οἱ
316 520 418 589 μὲν
471 518 570 588 ὑφ’
616 520 775 589 ὑμῶν
821 518 1143 588 κληθέντες,
1191 519 1345 588 ἡμεῖς
1392 517 1453 573 δὲ
1503 520 1771 588 αὐτεπάγ-

74 615 268 679 γελτοι.
315 608 559 662 κάκεῖνοι
598 606 699 678 μὲν
739 610 904 672 ἄλλος
943 609 1116 662 ἄλλου
1148 608 1368 678 μέρους,
1409 608 1437 661 ὁ
1470 609 1773 679 στρατηγὸς

73 709 184 752 τῶν
223 698 426 766 ὅπλων,
467 697 495 751 ὁ
536 701 731 767 ταμιάς
767 707 880 751 τῶν
918 698 1229 767 χρημάτων,
1269 697 1298 750 ὁ
1334 698 1642 766 τειχοποιὸς
1673 705 1774 751 τοῦ

73 788 304 856 κύκλου,
352 786 380 840 ὁ
426 787 751 855 δημαγωγὸς
800 784 861 840 δὲ
909 787 1011 840 οὐκ
1058 784 1211 840 ἔστιν
1258 788 1391 840 ὅτου
1436 788 1539 856 τὴν
1594 785 1775 856 ἐπιμέ-

75 880 230 930 λειαν
291 876 358 930 οὐ
420 879 791 929 πεπίστευται.
852 875 1127 939 κάκείνοις
1190 875 1356 938 αὐτὸς
1418 875 1776 944 ἐπιτέτακται,

76 966 241 1028 αὐτὸς
281 964 510 1030 ἐξετάζει
542 967 698 1027 τοὺς
708 967 920 1034 ταμίας,
960 965 1127 1027 αὐτὸς
1159 963 1421 1033 ἐκπέμπει
1451 967 1583 1028 τοὺς
1616 979 1777 1035 στρα-

75 1055 301 1123 τηγούς,
363 1056 516 1123 άρχει
571 1063 683 1107 τῶν
738 1053 1025 1123 ἀρχόντων
1078 1052 1340 1107 ἁπάντων
1392 1056 1576 1121 μόνος.
1646 1056 1778 1117 τοὺς

76 1140 178 1212 μὲν
218 1139 323 1197 οὖν
355 1145 416 1196 ἕν
447 1163 560 1196 τινι
591 1144 774 1215 χρόνῳ
804 1141 895 1195 καὶ
927 1145 1057 1206 τοὺς
1096 1144 1232 1196 κατὰ
1260 1142 1396 1212 μέρη
1436 1142 1779 1212 προνοουμέ-

77 1252 212 1294 νους
266 1231 621 1294 ἀνευθύνους
675 1232 742 1285 οὐ
800 1233 1205 1300 στεφανώσετε,
1259 1234 1391 1294 τοὺς
1445 1232 1663 1295 ἀιδίους
1719 1232 1780 1285 δε

77 1323 348 1389 τιμήσετε;
410 1321 501 1373 καὶ
561 1318 686 1388 παρ’
758 1317 825 1374 οὗ
880 1317 983 1390 μὲν
1046 1320 1295 1384 εὐθύνας
1355 1319 1482 1374 καθ’
1547 1320 1780 1374 ἕκαστον

80 1411 356 1478 εἰλήφατε,
397 1409 792 1478 ἀστεφάνωτον
831 1409 1041 1478 ἐάσετε,
1092 1411 1194 1478 τὴν
1232 1411 1398 1478 τιμὴν
1438 1410 1499 1463 δὲ
1536 1416 1611 1482 τῷ
1645 1428 1781 1462 παν-

78 1500 171 1561 τὸς
210 1498 456 1561 εὐθύνας
495 1497 780 1567 ὀφείλοντι
818 1506 920 1551 τοῦ
959 1500 1088 1566 βίου
1130 1499 1354 1564 δώσετε;

193 1587 279 1640 33.
318 1590 519 1640 Καίτοι
561 1589 608 1640 εἰ
647 1587 750 1656 μὲν
788 1585 963 1656 μηδὲν
996 1586 1151 1651 ἄξιον
1186 1590 1357 1656 λόγου
1390 1585 1681 1660 ὃιςόκηκας,
1715 1587 1780 1640 οὐ

81 1678 408 1745 θαυμαστὸν
446 1677 495 1729 εἰ
534 1677 672 1745 μηδὲ
709 1679 995 1748 κατηγόρῳ
1036 1679 1209 1744 λόγον
1246 1676 1609 1747 παρέσχηκας,
1650 1675 1782 1729 οὐδὲ

82 1766 186 1834 γὰρ
228 1763 317 1818 ἐπὶ
355 1773 573 1835 μικροῖς
612 1766 754 1818 εἰσιν
795 1767 856 1818 αἱ
890 1773 989 1818 τοῦ
1029 1766 1157 1833 βίου
1206 1767 1431 1833 δωρεαί·
1480 1766 1528 1818 εἰ
1576 1764 1662 1833 δέ,
1710 1765 1783 1828 ὡς

84 1855 217 1925 φῄς,
267 1853 477 1923 μεγάλα
522 1852 613 1906 καὶ
659 1855 854 1922 πολλά,
888 1856 1011 1924 ,πρὸ
1050 1862 1150 1907 τοῦ
1204 1855 1419 1907 τούτων
1473 1853 1782 1906 ἀποδοῦναι

85 1945 254 2010 λόγον
292 1952 407 2005 πῶς
447 1941 526 1995 ἐπ’
569 1943 757 2006 αὐτοῖς
801 1944 1016 2011 δωρεὰν
1046 1945 1237 2008 αἰτεῖς;
1277 1944 1351 2012 νὴ
1391 1944 1543 2011 Δία,
1585 1942 1783 1996 οὐδὲν

86 2033 206 2101 γὰρ
255 2036 512 2099 εἴρηται
558 2032 705 2100 περὶ
754 2041 882 2084 τῶν
929 2032 1224 2101 ῥητόρων
1272 2032 1487 2084 αὐτῶν
1532 2038 1615 2102 τῷ
1660 2033 1784 2084 Σό-

88 2124 260 2173 λωνι.
300 2119 389 2172 καὶ
431 2121 584 2183 τίνας
624 2120 799 2182 οὕτως
836 2120 1200 2183 ὑπευθύνους
1237 2123 1535 2189 καθίστησι
1567 2118 1657 2172 καὶ
1690 2141 1785 2188 μο-

207 2241 230 2279 7
263 2236 401 2280 Isocr.
435 2250 498 2280 or.
527 2239 582 2279 18
614 2251 658 2292 p.
687 2240 770 2280 379
790 2250 815 2280 e
883 2240 894 2295 ζ

210 2345 231 2382 1
266 2339 476 2394 θήσεσθε
509 2339 675 2395 scripsi
706 2353 811 2383 cum
844 2338 1002 2383 Gasda
1061 2338 1258 2384 τίθεσθε
1289 2342 1425 2384 ΜαΡ
1543 2345 1567 2383 2
1599 2347 1784 2395 πρῶτον

90 2399 254 2455 scripsi
314 2406 476 2453 πρῶτα
502 2400 667 2473 ΜαΡΙ
706 2398 1041 2455 ἀντονομάζετε
1073 2399 1237 2474 scripsi
1268 2399 1539 2444 auctoribus
1570 2398 1784 2443 Hertlino

90 2458 339 2526 Spengclip
365 2457 539 2502 Cobcto
602 2475 663 2502 αν
687 2456 932 2514 ὀνομάζετε
959 2459 1048 2502 Μα
1109 2475 1169 2503 αν
1196 2457 1399 2516 ὀνομάζῃ
1401 2475 1449 2503 τε
1466 2460 1513 2503 Ρ
1631 2463 1656 2503 3
1683 2457 1784 2502 ἐπέ·

88 2533 204 2561 τειοι
236 2518 401 2574 scripsi
441 2519 630 2561 auctore
663 2516 836 2561 Cobeto
914 2515 1117 2562 ἐπαίτιοι
1142 2518 1187 2561 Ρ
1251 2517 1460 2562 ὑπαίτιοι
1486 2518 1576 2562 Μα
1624 2518 1632 2576 Ι
1682 2518 1783 2561 δια-

91 2603 196 2664 βίου
223 2608 313 2650 Μα
340 2607 346 2662 Ι
374 2605 426 2650 δὲ
459 2605 625 2662 scripsi
683 2621 732 2650 τε
757 2606 804 2649 Ρ
860 2621 907 2650 τε
935 2607 1022 2651 Μα
1143 2611 1170 2649 4
1201 2605 1330 2663 ἡμῶν
1356 2607 1402 2650 Ρ
1519 2611 1544 2649 5
1577 2592 1718 2649 ἄλλόν
1744 2607 1790 2650 Ρ

213 2669 268 2710 10
300 2663 530 2722 ἐρχόντων
556 2666 602 2709 Ρ
632 2666 638 2722 Ι
682 2665 760 2708 καὶ
794 2666 902 2708 ante
934 2666 1043 2715 τοὺς
1074 2665 1152 2709 del
1178 2666 1267 2710 Ma
1390 2670 1442 2708 11
1477 2662 1561 2709 οὖν
1594 2678 1670 2708 om
1696 2666 1786 2708 Ma

94 2725 127 2779 1
135 2723 220 2780 τὴν
245 2725 291 2768 Ρ
336 2726 341 2780 Ι
392 2721 628 2780 καταμέρη
653 2725 700 2768 Ρ
832 2729 887 2767 12
921 2723 1000 2770 διὰ
1026 2722 1130 2783 βίου
1159 2724 1272 2768 olim
1297 2724 1462 2780 scripsi
1529 2764 1531 2766 .
1584 2729 1637 2767 13
1664 2727 1785 2768 καθ-

94 2810 287 2857 έκαστον
313 2812 450 2856 ΜαΡ
592 2816 647 2855 14
680 2797 844 2856 ἐάσατε
871 2814 917 2857 Ρ
1057 2817 1111 2855 16
1153 2812 1291 2857 οὐδὲν
1319 2815 1408 2857 Μα
1553 2817 1607 2855 17
1641 2812 1701 2869 μὴ
1733 2811 1784 2856 δὲ

95 2872 234 2915 ΜαΡ
350 2874 403 2914 19
438 2870 530 2927 φὴς
553 2871 644 2914 Μα
705 2878 797 2928 φῆς
820 2873 866 2915 Ρ
912 2874 918 2927 Ι
966 2878 1049 2915 τοῦ
1082 2885 1158 2915 om
1182 2873 1253 2947 Ρ
1346 2877 1399 2915 21
1433 2873 1588 2916 αὐτῶν
1621 2871 1785 2926 Scripsi

95 2941 200 2972 cum
231 2929 443 2973 Hcrtlino
505 2930 631 2989 αὐτῷ
650 2930 739 2974 Μα
801 2931 924 2974 αὐτῶ
949 2931 995 2974 Ρ
1112 2935 1167 2973 22
1201 2926 1336 2982 οὗτος
1359 2931 1443 2988 οὐχ
1478 2929 1590 2974 olim
1622 2929 1785 2985 scripsi

1803 1075 1846 1107 10

1805 1519 1847 1552 15

1808 1963 1851 1996 20
