2010 3168
369 99 796 146 DEMOSTHENIS
830 99 899 143 SE
930 97 1287 143 INOUSANTIS
1320 97 1543 144 ORATIO
1681 99 1786 152 307

101 238 161 290 οἱ
201 238 652 304 τετελευτηκότες.
705 237 979 305 μακαρίζω
1033 236 1266 298 τούτους
1311 239 1520 304 μᾶλλον
1566 243 1662 304 τῆς
1707 255 1789 288 τε-

100 330 309 395 λευτῆς.
355 334 615 387 νικῶντες
651 326 990 393 τεθνήκασιν
1029 323 1346 394 ἐλευθέροις
1386 325 1648 390 σώμασιν.
1689 324 1790 377 οὐκ

100 410 255 468 εἶδον
300 417 577 467 Φίλιππον
615 415 963 482 νενικηκότα,
1010 412 1113 466 οὐκ
1158 407 1312 466 εἶδον
1357 415 1459 482 τὴν
1496 414 1660 466 πόλιν
1698 412 1787 481 ἡτ-

98 503 361 572 τωμένην.
400 502 491 556 καὶ
529 511 648 566 ταῖς
685 503 786 570 μὲν
823 511 1025 572 ψυχαῖς
1063 502 1383 573 ἐκράτησαν,
1421 511 1537 565 τοῖς
1576 503 1787 572 σώμασι

99 590 162 645 δὲ
215 592 461 646 ἀπεῖπον.
516 590 606 645 ἐπὶ
659 593 835 664 τούτῳ
890 588 1103 660 ἔζησας,
1159 589 1200 645 ὦ
1256 593 1641 661 Δημόσθενες,
1695 592 1787 644 ἵνα
1835 619 1853 651 5

98 680 260 751 λέγῃς
314 681 639 751 ἐπιταφίους
692 690 805 734 τῶν
867 680 1295 747 ἀποθανόντων,
1358 681 1452 734 ἵνα
1513 681 1788 750 σεμνύνῃς

96 772 198 840 τὴν
244 769 446 840 ἀρετὴν
491 779 604 823 τῶν
648 769 928 839 κειμένων.
977 770 1076 839 οὐχ
1125 771 1285 823 ἱκανὰ
1332 760 1503 823 ταῦτα
1547 783 1788 839 προσαγ-

95 862 268 930 γελίᾳ,
307 860 373 912 οὐ
414 858 641 929 μέγιστα
679 860 744 911 τὰ
785 858 1115 928 ἐγκλήματα,
1166 858 1234 912 οὐ
1273 862 1489 928 μυρίων
1525 858 1789 912 θανάτων

96 946 243 1013 figam

207 1037 294 1090 22.
339 1036 479 1091 Ἀλλ’
523 1038 624 1106 ὅρα
671 1038 868 1090 λοιπὸν
913 1035 1004 1090 καὶ
1059 1038 1121 1090 τὸ
1167 1038 1472 1106 κεφάλαιον
1518 1047 1630 1089 τῶν
1673 1045 1787 1089 σῶν
1813 1068 1855 1099 10

94 1126 468 1196 ἀτυχημάτων.
518 1126 715 1195 πέμπει
770 1127 1044 1188 Φίλιππος
1085 1124 1399 1194 Ἀθηναίοις
1453 1125 1788 1195 ἐπιτάγματα

95 1216 252 1269 δεινὰ
291 1216 381 1269 καὶ
420 1216 638 1284 χαλεπά.
680 1215 747 1267 οὐ
792 1217 1033 1284 τριήρεις
1082 1215 1222 1268 αἰτεῖ
1267 1222 1398 1282 νῦν,
1446 1215 1636 1267 οἰστὸν
1682 1215 1787 1284 γὰρ

93 1302 234 1373 <ἂν>
271 1301 342 1373 ἦν
379 1306 440 1356 τὸ
481 1305 685 1370 δεινόν,
724 1301 856 1356 οὐδὲ
894 1306 1042 1372 τείχη
1083 1308 1367 1372 καθελεῖν,
1417 1301 1534 1356 ἀλλ’
1582 1304 1789 1372 ἄνδρας

94 1393 455 1462 δημαγωγοὺς
485 1400 580 1461 τῆς
610 1394 835 1461 πόλεως,
859 1394 961 1460 τὴν
992 1394 1304 1462 παρρησίαν
1327 1402 1438 1445 τῶν
1458 1391 1786 1461 Ἀθηναίων,

92 1483 195 1550 τὴν
234 1482 544 1550 ἐκκλησίαν,
581 1483 642 1534 τὸ
675 1484 835 1551 βῆμα.
875 1481 1099 1551 ἁρπάζει
1129 1482 1229 1550 τὴν
1260 1485 1571 1550 παρρησίαν
1602 1483 1783 1543 οίκου-
1812 1516 1852 1549 ,5

92 1570 276 1639 μένων
303 1569 554 1638 Ἀθηνῶν
593 1572 689 1624 καί
725 1585 882 1640 φησι·
927 1570 1163 1639 λεγέτω
1202 1572 1452 1639 μηδείς,
1494 1572 1785 1639 δημαγω-

91 1661 281 1728 γείτω
321 1661 562 1729 μηδείς.
612 1661 875 1728 ἄφωνος
914 1659 943 1712 ὁ
984 1661 1184 1728 δῆμος
1232 1662 1406 1713 ἔστω.
1444 1661 1535 1713 καὶ
1573 1660 1787 1713 τούτων

92 1747 360 1818 ἀνέχεσθε
406 1748 586 1816 ὑμεῖς,
632 1753 690 1802 τί
733 1750 837 1818 γὰρ
886 1748 1100 1817 ὀκνήσω
1149 1747 1238 1801 καὶ
1293 1749 1428 1816 ὑμῖν
1474 1748 1786 1817 ἐπιτιμῆσαι

92 1839 390 1908 ἄνθρωπος
436 1837 650 1907 μέλλων
697 1829 1046 1902 ἀποθανεῖν;’
1085 1838 1168 1890 23.
1210 1837 1346 1890 ἀλλὰ
1393 1845 1499 1906 γῆν
1545 1835 1648 1907 μὲν
1697 1838 1784 1890 καὶ

90 1925 243 1994 ὕδωρ
314 1928 638 1995 αἰτήσαντος
698 1926 965 1994 βασιλέως
1033 1927 1131 1979 τὸν
1195 1927 1501 1996 ἄνθρωπον
1570 1926 1785 1979 ἐκεῖνον
1810 1961 1853 1993 20

211 2077 238 2115 4
270 2073 407 2118 Isocr.
440 2085 608 2129 paneg.
642 2087 686 2129 p.
715 2076 768 2116 59
788 2086 812 2116 c
945 2077 971 2116 6
1005 2073 1220 2116 Aeschin.
1255 2071 1374 2116 Ctes.
1408 2077 1432 2126 ξ
1460 2076 1544 2116 152
1668 2076 1691 2115 ’1
1727 2071 1782 2116 cf.

91 2146 136 2188 p.
163 2137 263 2186 295,
284 2137 361 2186 123
404 2133 437 2175 t.
462 2131 504 2176 V
526 2135 700 2184 551,ss
846 2135 902 2175 20
942 2131 1158 2176 Aesehin.
1194 2130 1312 2176 Ctes.
1339 2137 1364 2185 ς
1392 2136 1489 2176 132.
1538 2132 1645 2176 Her.
1679 2131 1785 2176 vm

94 2195 178 2235 143
198 2205 264 2248 sq.
298 2191 491 2235 Aristid.
524 2204 609 2250 pro
632 2190 815 2235 IVviris
847 2193 880 2234 t.
906 2189 949 2234 11
980 2195 1080 2245 286,
1100 2195 1125 2234 5
1144 2205 1211 2246 sq.
1244 2191 1315 2235 ed.
1348 2191 1487 2235 Dind.

213 2361 234 2399 1
267 2342 476 2411 τελεῖἷτῆς
502 2355 621 2399 Μοκ
695 2357 904 2410 τελευτῆς
929 2356 1038 2399 Mat
1180 2358 1205 2397 2
1247 2354 1511 2409 ἐλευθέροις
1546 2355 1711 2412 scripsi

91 2413 374 2470 ἐλευθερίοις
394 2414 503 2458 libri
520 2413 587 2456 Re
708 2421 735 2456 4
761 2415 938 2470 σώμασι
963 2413 1014 2458 δὲ
1033 2413 1198 2470 scripsi
1216 2426 1240 2456 e
1258 2413 1323 2456 Li
1384 2412 1434 2457 δὲ
1460 2414 1668 2470 σώμασιν
1685 2416 1789 2460 HV

94 2474 323 2518 MatMon
346 2474 414 2517 Re
535 2479 561 2516 5
588 2469 623 2516 ὦ
647 2472 823 2517 inserui
848 2486 873 2516 e
891 2474 955 2518 Li
1015 2487 1090 2517 om
1107 2473 1163 2515 H
1173 2472 1439 2517 VMatMon
1463 2473 1530 2516 Re
1654 2479 1677 2517 7
1704 2474 1782 2519 ἱνα

93 2533 203 2577 Mat
238 2536 244 2589 Ι
285 2529 600 2593 προσαγγελίᾳ
632 2532 797 2589 scripsi
858 2529 1196 2588 προσαγγελίας
1224 2531 1334 2575 libri
1365 2531 1432 2575 Re
1564 2538 1614 2576 11
1647 2531 1782 2589 Ἀθη-

89 2590 241 2642 ναίοις
266 2606 341 2636 om
357 2593 423 2636 Li
544 2597 596 2635 12
629 2593 855 2647 punctum
876 2591 1013 2647 posui
1075 2591 1208 2635 colon
1235 2591 1463 2635 HMatLi
1524 2605 1598 2635 om
1625 2593 1783 2636 VMon

90 2650 158 2694 Re
185 2653 192 2708 Ι
220 2651 342 2695 αἰτεῖ
361 2649 548 2707 reposui
573 2664 598 2694 e
619 2649 751 2693 libris
776 2664 882 2695 cum
905 2650 1115 2694 Iacobsio
1139 2650 1251 2693 Lect
1276 2654 1359 2693 151
1385 2649 1483 2693 Rev
1502 2655 1588 2694 425
1615 2650 1781 2694 Schulz

91 2713 148 2752 58
188 2712 236 2754 οὺ
267 2710 449 2754 Sinteni
510 2709 658 2754 αἰτεῖν
690 2709 758 2752 Re
882 2713 935 2752 13
968 2707 1027 2752 ἂν
1059 2709 1234 2752 inserui
1295 2722 1370 2752 om
1401 2709 1511 2753 libri
1542 2709 1609 2752 Re
1637 2711 1643 2766 Ι
1672 2708 1780 2754 οὐδὲ

93 2768 260 2826 scripsi
290 2783 394 2814 cum
428 2768 608 2813 Sinteni
670 2768 774 2812 οὔτε
805 2767 915 2812 libri
946 2768 1013 2811 Re
1151 2772 1205 2811 14
1238 2768 1555 2824 δημαγωγούς,
1585 2774 1668 2824 τῆς
1698 2767 1781 2813 πό-

89 2829 201 2879 λεως
223 2829 340 2872 HLi
461 2832 515 2870 16
552 2827 631 2870 καὶ
663 2827 779 2883 φησὶ
802 2827 1030 2872 HMatLi
1090 2827 1170 2870 καὶ
1202 2828 1346 2883 φησὶν
1379 2827 1539 2872 VMon
1569 2826 1637 2870 Re
1664 2831 1670 2881 Ι
1698 2829 1779 2885 δη-

91 2913 346 2972 μαγογείτω
363 2917 471 2960 Mat
531 2912 908 2972 δημαλογείτωΗ
1026 2919 1078 2959 17
1105 2915 1286 2971 ἄφονος
1296 2916 1405 2959 Mat
1466 2887 1651 2971 ἅφῗνος
1662 2917 1776 2960 Mon

1334 2994 1388 3031 20
1398 2989 1423 3015 *
