2010 3168
136 112 420 158 PARASITI
450 112 530 156 DE
561 111 801 159 DOMINO
832 109 1353 156 PHILOSOPHANTE
1373 109 1659 164 QUERELA
1720 110 1829 164 605

133 249 336 312 ὕδατος
381 250 461 312 εἰς
506 250 679 317 κόρον
725 246 931 301 ἐλθεῖν.
977 245 1068 300 καὶ
1117 249 1293 316 βραχὺ
1340 244 1712 315 καταδαρθὼν
1765 247 1831 299 τὰ

132 339 311 391 πολλὰ
349 345 445 406 τῆς
482 337 683 400 νυκτὸς
723 338 1084 404 διαγρυπνῶν
1122 338 1443 406 μελαγχολᾷ.

245 426 331 478 22.
381 427 453 479 Τὸ
495 426 556 479 δὲ
596 426 743 488 ὅπως
783 426 861 488 εἰς
906 432 1072 478 τοῦτο
1111 420 1276 492 ἧλθε;
1325 425 1505 477 δεινοί
1538 428 1683 487 τινές
1722 425 1830 477 εἰσι

131 513 259 584 παρ’
321 514 455 583 ἡμῖν
509 513 729 582 ἑτέρους
790 514 1148 582 διαφθείρειν
1215 513 1371 575 ὄντες
1434 513 1830 579 κακοδαίμονες

131 602 291 657 αὐτοὶ
337 605 438 672 τὴν
483 604 679 672 τύχην,
732 595 814 665 οἷς
861 604 1030 671 ἔργον
1077 601 1247 654 οὐδὲν
1284 600 1318 669 ἢ
1358 602 1419 653 τὸ
1466 606 1828 670 τιμωρεῖσθαι
1876 622 1897 654 5

106 700 279 761 -σφᾶς
316 692 519 754 αὐτοὺς
559 692 631 754 ὡς
669 690 999 753 ἀδικοῦντας
1035 688 1127 743 καὶ
1177 687 1381 754 πιέζειν
1420 688 1701 760 ἀγρυπνίᾳ
1737 690 1828 742 καὶ

132 785 271 852 λιμῷ
309 781 400 833 καὶ
437 783 657 848 πόνοις,
703 781 833 842 τοὺς
872 779 1187 849 ὠχριῶντας
1226 777 1395 846 λέγω,
1446 780 1576 840 τοὺς
1624 777 1826 831 ἀνυπο-

131 871 360 938 δήτους,
405 871 536 932 τοὺς
588 871 836 937 γυμνοὺς
883 866 937 931 ἐξ
984 867 1257 937 ἡμισείας,
1306 861 1390 930 οἷς
1436 865 1713 930 ἀπεύξαιτ’
1758 868 1829 920 ἄν

131 978 214 1021 τις
252 957 343 1011 καὶ
381 966 713 1027 περιτυχεῖν.
753 957 838 1009 23.
879 955 1081 1010 ἐκεῖνοι
1119 957 1219 1009 τὸν
1249 958 1526 1025 τρόφιμον
1565 958 1830 1024 λαβόντες

130 1049 568 1116 κατεγοήτευσαν
620 1050 849 1108 πολλοῖς
903 1045 1106 1115 ῥήμασι
1165 1046 1444 1108 παθόντες
1496 1042 1598 1113 μὲν
1660 1041 1828 1098 οὐδὲν
1853 1067 1897 1098 ιο

132 1135 419 1205 δυσχερές,
471 1135 556 1188 ὅτι
608 1134 656 1187 δ’
712 1135 1032 1203 εὐδαιμονεῖ
1078 1137 1467 1203 φθονήσαντες
1520 1133 1612 1187 καὶ
1662 1134 1824 1187 σπεύ-

131 1227 324 1287 δοντες
378 1223 537 1277 αὐτοὶ
591 1225 663 1293 μὴ
721 1226 899 1294 μόνον
952 1226 1046 1292 ζῆν
1102 1223 1374 1291 ἐλεεινῶς,
1428 1221 1546 1276 ἀλλ’
1605 1224 1685 1276 ἔτι
1736 1221 1828 1276 καὶ

130 1316 262 1376 τοὺς
302 1314 503 1375 ἄλλους
538 1310 544 1384 Ι
581 1313 720 1382 ὁρᾶν
759 1311 822 1366 ἐν
851 1321 967 1375 τοῖς
1006 1318 1162 1375 ἴσοις.
1201 1314 1393 1381 γόητες
1431 1313 1648 1381 ἄνθρω-
1693 1316 1918 1361 RIV224

130 1420 224 1455 ποι
279 1403 370 1455 καὶ
424 1400 659 1470 πονηροὶ
714 1400 806 1454 καὶ
860 1401 1039 1455 πάντα
1090 1403 1314 1454 πεύθειν
1368 1401 1692 1470 δυνάμενοι,
1748 1396 1829 1453 ὧν

130 1496 309 1553 καλῶς
355 1491 387 1559 ἡ
442 1491 587 1559 Τύχη
634 1493 1045 1559 κατεψηφίσατο
1091 1498 1264 1543 ταῦτα
1310 1488 1370 1543 ἐν
1418 1483 1501 1551 οἷς
1548 1491 1678 1558 εἰσι,
1733 1508 1825 1542 πε-
1850 1511 1893 1544 15

131 1582 284 1647 νίαν,
323 1580 659 1647 παράνοιαν,
700 1581 889 1646 λιμόν,
928 1579 988 1632 τὸ
1028 1579 1366 1646 τεθνηκότας
1405 1578 1466 1632 ἐν
1505 1578 1827 1648 ἀνθρώποις

251 1700 276 1738 2
309 1696 449 1739 Arisb.
482 1708 580 1739 ran.
606 1699 690 1739 931
816 1699 841 1738 5
875 1695 976 1740 Ter.
1008 1696 1165 1739 heaut.
1192 1699 1246 1738 81
1373 1699 1396 1738 7
1429 1693 1569 1738 Arist.
1601 1694 1711 1738 nub.
1740 1698 1825 1738 103

136 1766 139 1812 q
177 1754 235 1799 cf.
260 1757 292 1799 t.
318 1755 339 1798 1
364 1759 500 1810 249,6
527 1769 565 1798 c.
583 1754 750 1807 schol.;
782 1754 935 1809 11191‚
954 1759 1008 1798 12
1027 1769 1094 1810 sq.
1218 1759 1273 1797 16
1305 1754 1426 1798 Plat.
1450 1754 1623 1798 Phaed.
1650 1769 1694 1810 p.
1714 1758 1769 1796 67
1788 1753 1825 1796 Ε

252 1864 275 1902 1
308 1856 398 1903 κᾶν
423 1858 591 1902 LaMa
617 1860 624 1914 Ι
651 1860 876 1914 puncbum
897 1860 1006 1915 post
1037 1858 1194 1902 ἐλθεῖν
1224 1858 1399 1901 inserui
1431 1859 1478 1902 et
1508 1857 1826 1912 καταδαρθὼν

131 1917 299 1974 scripsi
359 1919 719 1972 καταδαρθεῖΗ
726 1919 770 1961 V
822 1919 1283 1974 καταδαρθῆΙΖαΜα
1342 1917 1714 1972 καταδαρθεῖνΟ
1734 1916 1826 1960 edd

134 1978 141 2033 Ι
168 1976 219 2021 τὸ
242 1977 362 2020 πολὺ
394 1976 551 2021 G'asda
672 1981 698 2020 3
722 1982 847 2027 71:629?
875 1981 881 2034 Ι
910 1977 1094 2035 signum
1123 1976 1504 2034 interrogationis
1526 1976 1664 2032 posui
1695 1990 1750 2019 ex
1774 1977 1832 2020 H

192 2035 326 2080 colon
341 2036 511 2091 reliqui
526 2035 636 2079 libri
653 2036 744 2080 edd
851 2041 878 2079 4
894 2036 1005 2093 ἡμῖν
1022 2036 1190 2093 scripsi
1250 2036 1360 2093 ὑμῖν
1375 2035 1486 2079 libri
1499 2035 1590 2079 edd
1617 2038 1624 2092 Ι
1652 2034 1826 2090 ἑτέροις

131 2095 239 2139 coni
269 2095 338 2138 Re
373 2097 379 2150 Ι
422 2093 722 2151 διαφθείρειν
755 2094 884 2146 ὄντες
916 2095 1081 2151 scripsi
1113 2096 1302 2139 auctore
1333 2095 1402 2139 Re
1463 2092 1826 2150 διαφθείροντες

131 2154 241 2197 libri
266 2154 356 2198 edd
478 2159 501 2198 7
535 2153 647 2211 λέγω
673 2154 839 2211 scripsi
862 2168 967 2198 cum
998 2153 1208 2198 Iacobsio
1232 2154 1340 2197 Add
1366 2158 1451 2198 103
1476 2154 1614 2197 Anth.
1640 2153 1738 2200 Pal.
1760 2153 1824 2196 111

133 2217 219 2257 686
253 2215 301 2256 et
331 2212 527 2257 Meisero
559 2214 660 2258 Ber.
695 2214 738 2257 d.
771 2214 909 2270 Bayr.
933 2213 1083 2257 Akad.
1119 2217 1233 2257 1905
1264 2213 1308 2256 II
1332 2217 1416 2256 159
1451 2212 1540 2257 coll
1570 2212 1710 2256 Arist.
1737 2211 1766 2255 1.
1792 2211 1821 2255 1.

191 2289 242 2329 γε
264 2272 322 2315 H
329 2273 442 2316 VLa
472 2273 564 2317 edd
604 2273 686 2316 sed
723 2273 984 2318 tollendum
1024 2274 1303 2316 consuetum:
1325 2273 1394 2317 Re
1426 2275 1474 2316 ei:
1498 2271 1698 2316 Cobetus
1723 2270 1824 2315 Goll

132 2335 218 2376 285
291 2347 339 2375 τε
368 2331 495 2375 CMa
543 2334 550 2386 Ι
599 2332 925 2387 ἀνυποδήτους
955 2332 1121 2389 scripsi
1153 2345 1178 2375 e
1203 2333 1278 2376 La
1310 2332 1401 2375 coll
1432 2331 1572 2374 Arist.
1598 2331 1628 2374 1.
1654 2330 1683 2374 l.
1718 2345 1824 2374 cum

131 2390 342 2434 Iacobsio
375 2392 423 2434 et
454 2390 627 2435 Cobeto
689 2390 1010 2442 ἀνυποδέτους
1037 2392 1092 2435 H
1099 2391 1266 2436 VGMa
1305 2391 1396 2435 edd
1435 2390 1492 2434 cf.
1525 2390 1696 2446 Phryn.
1733 2389 1821 2433 lex.

132 2463 165 2492 s.
199 2463 239 2493 v.
273 2463 377 2493 cum
407 2452 520 2493 nota
551 2449 771 2494 Lobeckii
801 2466 845 2507 p.
872 2455 958 2494 445
1080 2454 1105 2493 8
1139 2447 1379 2503 ἀπεύξαιτ’
1408 2448 1574 2506 scripsi
1606 2463 1631 2494 e
1655 2450 1827 2493 LaMa

192 2508 444 2560 ἀπεύξαιτο
470 2508 508 2552 0
528 2509 620 2553 edd
681 2508 928 2562 ἀπεύξεται
944 2510 1049 2553 HV
1166 2514 1219 2552 11
1254 2508 1306 2554 δὲ
1322 2509 1427 2553 HV
1482 2522 1558 2552 om
1588 2508 1700 2551 Fen·
1721 2507 1825 2551 Mor

131 2567 215 2623 qui
245 2567 541 2611 inserendum
574 2568 679 2612 coni
713 2570 718 2625 Ι
758 2570 1031 2625 εὐδαιμονεῖ
1060 2568 1224 2624 scripsi
1256 2581 1312 2612 ex
1336 2567 1604 2613 HVLaMa
1665 2567 1822 2611 εὐδαι-

133 2624 264 2682 μόνει
282 2627 318 2671 G
340 2627 431 2669 edd
554 2632 607 2670 12
638 2627 690 2671 τὸ
716 2630 823 2671 anie
849 2627 908 2684 μὴ
926 2628 1002 2672 La
1028 2630 1035 2684 Ι
1063 2629 1248 2683 „malim
1272 2625 1437 2684 μόνοι“
1461 2627 1530 2670 Re
1556 2628 1563 2681 Ι
1591 2625 1651 2682 μὴ
1677 2623 1822 2682 μόνον

132 2686 268 2729 αὐτοὶ
300 2684 457 2729 Gasda
505 2688 511 2741 1
562 2685 628 2731 ὅτι
663 2687 774 2732 Ferr
802 2687 906 2731 Mor
936 2687 1018 2742 qui
1051 2686 1116 2730 ἔτι
1148 2686 1255 2731 coni
1376 2690 1430 2729 13
1463 2692 1561 2735 τοῖς
1591 2684 1708 2735 ἴσοις
1732 2685 1823 2728 Ma

133 2745 215 2787 sed
248 2762 271 2795 ς
302 2742 374 2787 ἴσο
406 2744 456 2787 in
486 2757 562 2788 ras
594 2744 663 2789 m²
795 2750 850 2789 14
881 2744 1068 2790 πείθειν
1100 2745 1268 2802 scripsi
1298 2746 1352 2788 ut
1382 2744 1488 2789 coni
1519 2744 1585 2787 Re
1646 2741 1822 2788 πείσειν

133 2802 242 2846 libri
273 2803 364 2846 edd
486 2807 539 2847 15
572 2806 706 2859 „som
738 2807 890 2856 καλῶς
919 2809 1147 2849 ποιοῦσαί*
1179 2805 1248 2847 Re
1382 2808 1434 2846 16
1467 2801 1723 2858 παροινίαν
1746 2803 1823 2847 La

133 2861 215 2906 sed
247 2879 278 2906 α
316 2875 457 2919 supra
495 2878 541 2906 οι
570 2877 593 2907 s
641 2867 647 2918 Ι
695 2863 983 2920 τεθνηκότας
1020 2863 1185 2920 scripsi
1216 2876 1242 2906 e
1268 2864 1357 2907 Ma
1394 2863 1450 2905 ut
1488 2862 1593 2905 coni
1631 2862 1699 2905 Re
1773 2877 1823 2905 τε

133 2919 430 2975 θνήσκοντας
452 2922 666 2966 HVC'La
697 2922 788 2966 edd
