2010 3168
517 110 848 156 INVECTIVA
879 110 945 154 IN
974 110 1326 156 AESCHINEM
1655 110 1765 163 225

73 255 212 303 σθαι
249 257 366 312 τοῖς
404 245 530 302 οὖσι
570 249 757 315 λόγοις
794 245 885 300 καὶ
933 245 1145 315 ἐλέγξαι
1190 248 1253 301 τὸ
1299 256 1574 317 πρωτεῖον
1610 247 1767 316 ἡμῶν

74 340 211 407 πρὸς
269 340 398 400 τοὺς
451 338 654 399 ἄλλους
694 334 978 405 ’Έλληνας
1039 340 1254 403 μᾶλλον
1308 334 1370 389 δὲ
1423 335 1614 405 ἠγνόει
1665 332 1769 404 μὲν

73 427 287 480 τούτων
341 424 533 494 οὐδέν,
585 423 876 495 πεπρακὼς
930 423 992 477 δὲ
1043 425 1147 494 τὴν
1199 426 1364 493 σιγὴν
1416 424 1520 478 οὐκ
1579 422 1769 491 ἔμελλε

74 513 435 584 φθέγξεσθαι.
490 512 762 583 ἐχαρίζετο
808 511 911 582 μὲν
957 508 1060 566 οὖν
1115 512 1294 566 ὁπόσα
1346 514 1401 566 οἱ
1454 514 1639 567 λοιποὶ
1690 521 1766 585 τῷ

70 601 244 673 μηδὲν
283 603 584 670 ἀντειπεῖν,
624 602 758 655 ὅταν
798 603 901 671 γάρ
941 622 1025 665 τις
1062 602 1274 672 παρὼν,
1298 604 1483 672 ἔργοις
1521 604 1769 673 αἰσχροῖς

70 694 132 746 τὸ
171 690 302 745 καθ’
340 691 541 746 ἑαυτὸν
579 693 652 761 μὴ
685 692 985 762 διακωλύῃ,
1024 693 1128 760 τὴν
1157 699 1258 744 τοῦ
1290 699 1568 760 συνεργοῦ
1601 690 1770 755 δόξαν

71 781 354 850 ἐκτήσατο,
400 780 429 834 ὁ
472 781 575 849 γὰρ
623 778 751 843 ἐξὸν
797 779 1044 850 ε’πισχεῖν
1096 782 1169 849 μὴ
1222 781 1474 843 κωλύσας
1511 780 1610 849 <ἐν
1649 773 1769 847 οἷς)

70 869 330 939 ἐπέτρεψε
378 870 670 940 δέδρακεν,
719 869 938 923 ἐσκόπει
985 867 1046 923 δὲ
1085 869 1232 932 ὅπως
1278 869 1349 922 ἂν
1393 868 1514 938 μήτ’
1561 869 1769 931 ἐκεῖνος

68 959 354 1028 ἀτυχήσειε
395 967 489 1028 τῆς
526 961 822 1025 μετουσίας
867 957 1016 1031 αὑτῷ
1056 978 1115 1011 τε
1158 956 1358 1027 γένοιτ’
1405 960 1475 1011 ἄν
1513 978 1596 1020 τις
1634 954 1759 1027 παρ’

68 1048 204 1115 ὑμῖν
242 1049 547 1118 καταφυγή.
588 1048 674 1100 61.
713 1056 828 1110 πῶς
865 1044 990 1118 οὗν;
1029 1056 1145 1110 πῶς
1174 1055 1340 1101 τοῦτο
1373 1046 1644 1100 συνέλθοι
1674 1048 1766 1115 ἄνς

67 1139 129 1191 οἱ
179 1135 297 1207 μὲν
342 1139 532 1191 ἄλλοι
579 1139 930 1205 λεγόντων,
986 1132 1028 1189 ὦ
1080 1140 1387 1205 Φίλιππε,
1433 1135 1540 1189 καὶ
1588 1135 1765 1189 ἐπαι-

67 1227 365 1280 νούντων
418 1225 609 1294 γένος
654 1246 721 1279 τε
765 1226 835 1278 τὸ
887 1226 1005 1279 σὸν
1059 1223 1165 1279 καὶ
1216 1228 1608 1295 προαίρεσιν
1659 1224 1765 1278 καὶ

65 1316 292 1384 τύχην,
346 1314 487 1384 παρ’
536 1313 695 1384 ἐμοῦ
751 1315 821 1368 δὲ
875 1314 1150 1383 ἀρκείτω
1198 1316 1373 1383 σιγή,
1419 1314 1453 1382 ἣ
1500 1313 1606 1367 καὶ
1661 1312 1766 1368 σοὶ

66 1404 260 1457 δώσει
307 1405 423 1473 τὴν
476 1406 764 1457 πυλαίαν
817 1403 1014 1472 κάμοί
1065 1423 1211 1457 τινα
1262 1405 1461 1472 λόγον
1492 1401 1765 1472 Ἀθήνη-

66 1507 188 1546 σιν.
237 1495 342 1562 ἤδη
382 1494 487 1562 γὰρ
527 1494 670 1562 ὑμᾶς
710 1497 882 1546 οἴεται
922 1493 1193 1561 ἡττᾶσθαι
1242 1494 1428 1560 λόγου.
1475 1493 1578 1545 οὐκ
1618 1485 1766 1555 εἶπες

69 1583 241 1635 αὐτὸν
300 1586 562 1651 γίνεσθαι
624 1583 768 1650 δεῖν,
832 1580 949 1635 ἀλλ’
1011 1581 1114 1635 οὐκ
1175 1581 1424 1644 ἀντεῖπες
1477 1579 1764 1651 γινομένω.

65 1678 231 1724 τοῦτο
281 1670 346 1724 δέ
389 1670 506 1725 ἐστι
550 1671 640 1724 καὶ
687 1678 914 1740 ποιῆσαι
961 1673 1243 1724 Φίλιππον
1281 1669 1633 1740 ἀμφικτύονα
1673 1668 1764 1722 καὶ

67 1761 252 1829 φόβον
277 1760 615 1829 ὁμολογῆσαι
639 1760 833 1813 πολύν.
865 1761 1213 1829 παρεδήλους
1243 1760 1347 1829 γὰρ
1381 1760 1454 1822 ὡς
1486 1758 1764 1812 ἀντειπεῖν

186 1909 240 1949 18
271 1905 401 1949 Dem.
436 1905 539 1950 fals.
572 1906 663 1964 leg.
696 1921 742 1962 p.
768 1910 869 1961 348,
888 1910 912 1949 7

186 2043 208 2082 1
244 2037 422 2095 ἐλέγξαι
454 2039 622 2095 scripsi
694 2039 812 2092 ἔλεξε
837 2040 979 2084 AthP
1038 2040 1115 2085 ἐπὶ
1144 2039 1327 2091 τούτοις
1352 2041 1443 2084 Ma
1501 2038 1629 2093 λέξαι
1660 2039 1764 2082 Mor

66 2097 149 2141 sed
179 2114 234 2155 γρ
275 2096 454 2154 ἐλέγξαι
491 2098 542 2142 in
572 2112 727 2156 marg,
767 2098 835 2142 Re
875 2099 958 2144 sed
998 2100 1235 2155 „praefero
1273 2113 1296 2143 e
1325 2100 1533 2157 maryine
1569 2097 1761 2156 ἐλέγξαι,

65 2170 153 2213 quo
191 2163 391 2202 assumto
423 2158 504 2215 ley.
536 2159 623 2202 erit
651 2157 734 2202 τὸν
766 2158 942 2215 ἐχθρὸν
981 2158 1111 2214 ἡμῶν
1141 2172 1228 2215 pro
1257 2158 1309 2203 τὸ
1341 2165 1526 2213 πρῶτον
1554 2157 1716 2214 ἡμῶν“
1751 2159 1756 2215 Q

0 2263 2 2267 y
64 2216 116 2260 τὸ
149 2229 226 2259 om
250 2218 345 2261 Ath
394 2218 400 2274 Ι
449 2224 680 2271 πρωτεῖον
715 2217 882 2274 scripsi
957 2225 1143 2272 πρῶτον
1181 2217 1292 2261 libri
1332 2217 1424 2261 edd
1462 2219 1510 2261 et
1549 2217 1761 2261 defendit

0 2301 2 2326 ;
63 2274 230 2318 Iacobs
260 2276 358 2319 Rev
389 2281 475 2319 427
507 2278 562 2319 ut
592 2275 772 2320 dictum
810 2291 895 2333 pro
926 2277 978 2321 τὸ
1018 2283 1258 2332 πρωτεῦον
1399 2282 1428 2320 4
1463 2275 1761 2334 φθέγξεσθαι

0 2332 3 2382 ζ
63 2334 230 2390 scripsi
277 2348 302 2378 c
336 2336 423 2379 Ma
469 2335 561 2378 coll
602 2336 635 2378 t.
668 2335 711 2379 V
752 2340 859 2391 130,
885 2341 911 2379 3
997 2335 1304 2393 φθέγξασθαι
1343 2337 1485 2382 AthP
1528 2335 1619 2379 edd

62 2397 91 2437 6
124 2393 269 2438 αὑτὸν
296 2396 386 2439 Ma
423 2397 430 2451 Ι
468 2395 719 2439 διακωλύει
740 2396 927 2440 AthMa
976 2397 983 2450 Ι
1033 2402 1258 2453 συνεργοῦ
1288 2396 1477 2451 reposui
1509 2408 1534 2439 e
1565 2394 1699 2438 libris

62 2451 289 2510 συνέργου
306 2453 399 2497 edd
537 2458 560 2496 7
587 2452 611 2497 ὃ
628 2468 734 2498 cum
750 2468 826 2498 ras
845 2459 868 2498 1
886 2454 966 2499 litt
979 2455 1069 2499 Ma
1095 2457 1102 2511 Ι
1130 2456 1180 2499 ἐν
1198 2452 1270 2506 οἷς
1284 2454 1460 2498 inserui
1483 2456 1673 2498 auctore
1691 2454 1759 2498 Re

124 2526 201 2555 om
230 2511 343 2556 libri
374 2512 466 2557 edd
608 2516 635 2556 8
667 2512 894 2569 δέδρακεν
926 2513 1094 2570 scripsi
1128 2516 1318 2558 auctore
1348 2513 1418 2558 Re
1478 2511 1759 2568 δεδρακέναι

63 2570 175 2614 libri
199 2571 289 2614 edd
317 2573 323 2628 Ι
351 2570 397 2617 δ’
427 2572 494 2615 Re
522 2574 527 2627 Ι
557 2569 616 2616 ἂν
638 2572 815 2617 inserui
839 2587 894 2617 ex
910 2573 1098 2618 AthMa
1157 2587 1233 2617 om
1249 2574 1296 2617 P
1315 2572 1407 2617 edd
1433 2575 1441 2630 Ι
1468 2572 1528 2629 μὴ
1545 2573 1637 2617 Ath

64 2633 91 2672 9
125 2629 251 2689 αὐτῷ
273 2631 383 2674 libri
415 2631 507 2675 edd
629 2636 684 2675 10
714 2632 844 2688 ὑμῶν
870 2634 960 2677 Μα
985 2633 992 2688 1
1018 2634 1188 2689 unbem)
1220 2646 1295 2676 om
1320 2632 1411 2675 Ma
1533 2636 1587 2675 11
1621 2626 1656 2675 ὦ
1687 2631 1758 2674 in-

65 2689 189 2732 serui
213 2702 270 2732 cx
284 2690 426 2734 AthP
481 2703 558 2734 om
577 2690 665 2734 Ma
688 2691 779 2734 edd
902 2696 956 2735 13
981 2705 1056 2736 σοι
1079 2693 1188 2735 ante
1206 2690 1311 2748 σιγή
1327 2692 1420 2735 Ath
1542 2695 1596 2735 15
1624 2691 1755 2747 „fort

65 2748 145 2805 169.
177 2745 282 2806 ᾔδει
313 2749 401 2806 γὰρ
429 2750 549 2805 ὑμᾶς
572 2747 701 2800 οἴους
725 2765 773 2794 τε
797 2749 1034 2807 ἡττᾶσθαι
1055 2748 1194 2806 λόγου
1217 2751 1286 2795 vel
1309 2749 1483 2808 λόγων“
1507 2750 1575 2794 Re
1602 2750 1609 2805 Ι
1635 2749 1757 2805 ἡμᾶς

303 2812 357 2851 16
390 2808 502 2852 αὐτὸ
531 2810 620 2852 Μα
668 2810 676 2864 Ι
723 2806 943 2865 γίνεσθαι
974 2809 1140 2866 scripsi
1170 2823 1195 2853 e
1223 2811 1311 2854 Ma
1371 2807 1595 2865 γενέσθαι
1619 2809 1761 2853 AthP

67 2865 158 2909 edd
206 2867 213 2922 Ι
264 2866 475 2916 ἀντεῖπες
497 2869 585 2911 Μα
616 2867 699 2910 sed
730 2875 856 2918 εῖπες
884 2867 935 2910 in
964 2881 1040 2912 ras
1073 2867 1143 2912 m²
1191 2871 1198 2924 Ι
1247 2866 1503 2926 γιγνομένῳ
1533 2869 1623 2912 Ma

68 2928 122 2967 17
147 2923 443 2980 ἀμφικτυόνα
462 2928 507 2970 Ρ
623 2930 676 2969 18
701 2925 991 2981 παρεδήλους
1014 2926 1179 2983 scripsi
1239 2925 1504 2982 παρεδήλου
1527 2925 1639 2970 libri
1663 2925 1751 2969 edd

156 3006 353 3039 Lmnrrus
378 3007 433 3039 ed.
452 3007 685 3040 Foerster.
710 3008 776 3040 VI.
1343 3004 1396 3043 15

1817 624 1836 655 5

1793 1070 1834 1101 10

1792 1514 1832 1546 15
