2010 3168
567 117 897 162 INVECTIVA
927 117 994 161 IN
1025 116 1375 162 AESCHINEM
1704 115 1813 169 235

118 259 349 325 νότερον
404 262 594 324 σχῆμα.
657 261 860 323 μεστοῦ
925 250 984 305 δὲ
1047 255 1208 316 ὄντος
1267 261 1368 306 τοῦ
1429 250 1584 320 πέριξ
1639 255 1814 305 τόπου

116 349 341 399 πολλῶν
379 340 480 413 μὲν
520 342 746 411 ἱππέων,
786 331 1008 395 πολλῶν
1040 339 1101 394 δὲ
1135 342 1391 412 ὁπλιτῶν,
1423 340 1612 409 ξένων,
1651 341 1814 393 κολά-

115 454 247 501 κων,
285 436 580 502 μαγείρων,
620 440 824 500 σκηνῆς
863 431 1268 500 χρυσοπάστου,
1307 438 1402 498 τῆς
1441 432 1609 498 ἄλλης
1646 435 1814 497 θερα-

115 524 272 584 πείας
328 526 458 584 ἴσως
513 520 623 574 ἐκεῖ
675 521 766 573 καὶ
806 521 1059 573 Καλλίαν
1112 539 1196 582 τις
1251 521 1444 582 ὄψεται
1505 520 1814 588 τιμώμενον

115 613 214 664 τὸν
254 609 486 663 ἐνθένδε
527 609 916 678 ἐλαυνόμενον,
956 607 1023 661 ὃν
1063 608 1092 662 ὁ
1132 610 1336 676 τρόπος
1360 605 1681 676 Ἀθήνηθεν
1712 604 1814 676 μὲν
1860 629 1880 659 5

114 697 350 767 ἐξέβαλε,
389 705 466 770 τῷ
514 699 770 769 Φιλίππω
812 694 874 750 δὲ
912 700 1276 766 συνήρμοσεν.

230 788 313 841 78.
345 786 500 857 Ἐμοὶ
539 786 658 856 μέν,
698 784 739 840 ὦ
780 786 979 855 ἄνδρες
1010 784 1318 855 Ἀθηναῖοι,
1357 787 1428 855 μὴ
1460 784 1679 854 γένοιτο
1711 786 1814 853 τὴν

112 880 382 946 πυλαίαν,
421 877 493 946 μὴ
533 878 798 946 Δελφοὺς
847 877 1010 943 ἰδεῖν,
1057 876 1129 944 μὴ
1170 877 1369 928 Πύθια
1416 875 1684 943 τοσαύτης
1722 894 1814 942 με-

116 967 425 1028 ταστάσεως
470 966 648 1018 πάντα
694 967 1044 1034 κεκινηκυίας
1097 965 1190 1018 καὶ
1243 965 1516 1018 τοσούτου
1562 982 1814 1031 νεωτερι-

114 1063 260 1120 σμοῦ
299 1055 478 1108 πάντα
510 1056 625 1107 ἄνω
657 1052 748 1107 καὶ
788 1053 934 1107 κάτω
973 1056 1346 1122 πεποιηκότος.
1388 1053 1674 1106 σκοτεινὸν
1711 1049 1814 1121 μὲν
1839 1075 1882 1106 ιο

116 1145 179 1198 τὸ
220 1141 343 1214 ἔαρ,
385 1143 612 1212 ἀτερπὲς
660 1140 721 1195 δὲ
767 1143 828 1195 τὸ
878 1144 1273 1212 φθινόπωρον,
1321 1143 1580 1211 δακρύων
1627 1141 1689 1194 δὲ
1726 1140 1814 1209 γέ-

112 1247 297 1300 μουσα
327 1233 360 1301 ἡ
392 1235 716 1302 πανήγυρις.
746 1231 903 1299 ὑμεῖς
935 1230 1013 1300 δέ,
1046 1233 1094 1284 εἰ
1127 1232 1401 1284 δύναισθε
1433 1231 1526 1283 διὰ
1563 1232 1814 1293 Φωκίδος

114 1320 319 1392 ἐρήμης
374 1323 453 1384 εἰς
491 1323 755 1390 Δελφοὺς
812 1320 979 1388 ἰέναι,
1043 1321 1265 1390 σιδηροῖ
1317 1339 1464 1382 τινες
1524 1318 1595 1372 ἂν
1657 1319 1812 1386 εἴητε.

121 1409 126 1482 Ι
170 1412 254 1464 δεῖ
291 1411 396 1481 γὰρ
430 1410 537 1463 ἀπὸ
568 1419 681 1463 τῶν
713 1409 862 1479 ὅρων
893 1410 1068 1472 εὐθὺς
1108 1408 1446 1479 ἀρξαμένους
1477 1407 1635 1477 μέχρι
1681 1412 1901 1456 RHI431

115 1507 217 1552 τοῦ
270 1500 377 1553 νεὼ
432 1504 669 1568 θρηνεῖν
724 1499 790 1551 οὐ
846 1500 1060 1567 τείχους
1116 1497 1428 1567 ἑστηκότος,
1483 1496 1585 1551 οὐκ
1640 1498 1815 1559 οἰκίας
1840 1520 1883 1551 15

114 1589 415 1657 μενούσης,
471 1587 539 1640 οὐ
595 1589 780 1657 κώμης
834 1587 1058 1656 ἀνδρῶν
1109 1586 1413 1657 ὁρωμένης,
1452 1586 1814 1654 <πρεσβυτῶν

119 1674 180 1730 δὲ
230 1675 321 1730 καὶ
367 1680 617 1745 γυναίων
663 1677 753 1729 καὶ
799 1677 1147 1746 παιδαρίων)
1185 1679 1376 1745 μόνων
1431 1673 1813 1743 λελειμμένων.

120 1765 205 1818 79.
245 1767 328 1828 τίς
373 1763 454 1819 ἔτι
500 1767 820 1835 πυλαγόρας
866 1766 1149 1834 αἱρήσεται
1187 1766 1433 1833 βαδίζειν
1479 1765 1573 1817 διὰ
1619 1764 1810 1816 τοσού-

118 1874 230 1907 των
268 1863 454 1907 κακῶν
491 1855 639 1924 παρὰ
669 1855 769 1907 τὸν
800 1854 1015 1907 τούτων
1048 1853 1363 1924 αὐτόχειρας
1404 1855 1523 1922 σόν,
1557 1854 1813 1922 Αἰσχίνη,

116 1943 181 1996 τὸ
221 1940 405 2011 ἔργον,
445 1950 537 2012 τῆς
578 1950 677 2011 σῆς
707 1950 886 2012 ψυχῆς
917 1942 949 2011 ἡ
984 1943 1251 1996 διακονία.
1287 1952 1520 2013 τρυφῶν
1551 1942 1815 2012 πορεύσῃ,
1840 1964 1882 1995 20

241 2095 263 2133 1
296 2088 415 2133 Plat.
449 2087 567 2132 Tim.
591 2103 636 2146 p.
664 2088 776 2132 62D
900 2093 925 2132 3
957 2087 1088 2134 Dem.
1121 2103 1167 2145 p.
1194 2093 1324 2143 1217,
1342 2092 1423 2132 20·
1519 2092 1547 2130 4
1578 2087 1707 2131 Dem.
1742 2085 1812 2130 Ol.

116 2147 162 2192 H
198 2163 242 2204 p.
277 2152 353 2202 23,
374 2152 428 2192 18
446 2162 514 2203 sq.
668 2153 720 2192 12
764 2161 830 2203 sq.
871 2146 1002 2192 Dem.
1042 2146 1146 2192 fals.
1186 2147 1279 2205 leg.
1317 2163 1363 2204 p.
1397 2151 1578 2202 361‚20
1597 2161 1663 2202 sq.

122 2212 176 2251 16
210 2208 266 2251 cf.
298 2223 342 2264 p.
370 2211 471 2263 258,
491 2212 543 2250 17
669 2212 722 2251 19
754 2206 884 2251 Dem.
917 2222 961 2263 p.
989 2210 1133 2263 549‚5
1256 2211 1311 2250 20
1343 2206 1474 2251 Dem.
1506 2221 1552 2263 p.
1579 2210 1679 2260 328,
1696 2209 1750 2249 29

242 2346 264 2383 1
296 2346 379 2385 τοῦ
412 2337 655 2395 περιόντος
686 2341 796 2384 ante
825 2346 908 2384 τοῦ
947 2339 1058 2383 libri
1088 2339 1192 2383 Mor
1265 2339 1440 2383 delevit
1471 2339 1540 2383 Re
1590 2341 1596 2395 Ι
1645 2338 1697 2383 τὸ
1725 2339 1813 2383 Μα

240 2405 267 2442 4
309 2398 420 2449 ἴσως
456 2398 631 2443 inserui
663 2413 687 2442 e
725 2398 858 2443 libris
935 2412 1010 2443 om
1049 2399 1142 2442 edd
1191 2403 1196 2453 Ι
1246 2396 1440 2442 καλλίαν
1474 2399 1564 2443 Ma
1604 2397 1687 2442 sed
1719 2399 1812 2454 2(1)

116 2457 245 2502 inser
274 2457 344 2502 m²
389 2460 395 2514 Ι
443 2457 513 2509 τίς
535 2458 679 2503 AthP
703 2457 806 2502 Mor
865 2458 935 2509 τὶς
959 2459 1048 2503 Μα
1169 2463 1195 2501 5
1227 2457 1311 2514 μὲν
1342 2457 1595 2514 ἀθήνηθεν
1626 2457 1695 2501 Re

119 2521 148 2561 9
178 2516 335 2561 πάντα
363 2517 431 2561 ΒΘ
490 2524 637 2561 ταῦτα
668 2516 779 2561 libri
802 2517 905 2563 Mor
1026 2521 1080 2561 12
1114 2517 1343 2562 δύναισθε
1375 2516 1541 2574 scripsi
1601 2515 1813 2560 δύνασθε

118 2575 231 2619 libri
263 2576 354 2620 edd
477 2580 529 2619 13
570 2574 709 2635 ἰέναι]
744 2577 846 2632 „hic
875 2577 1055 2621 videtur
1086 2575 1299 2632 ἄτεγκτοι
1330 2582 1414 2621 aut
1443 2574 1701 2631 ἀδάκρυτοι
1731 2580 1815 2619 aut

116 2636 266 2680 simile
289 2635 402 2690 quid
424 2636 597 2680 deesse“
612 2634 681 2679 Re
804 2641 859 2680 14
885 2633 1004 2691 ὅρων
1021 2636 1089 2679 Re
1150 2635 1271 2691 ὀρῶν
1295 2633 1404 2679 libri
1421 2635 1524 2679 Mor
1646 2638 1699 2678 15
1724 2640 1812 2678 νεῶ

120 2693 232 2738 libri
255 2694 347 2738 edd
469 2698 522 2737 16
547 2695 818 2752 πρεσβυτῶν
842 2693 894 2739 δὲ
918 2695 998 2738 καὶ
1021 2692 1226 2751 γυναίων
1250 2695 1331 2738 καὶ
1353 2691 1620 2749 παιδαρίων
1638 2693 1814 2736 inserui

119 2752 226 2797 coll.
259 2753 388 2797 Dem.
420 2752 451 2796 l.
483 2753 513 2797 l.
546 2767 591 2809 p.
619 2757 718 2807 361,
737 2757 792 2796 23
870 2767 946 2797 om
989 2752 1100 2796 libri
1138 2753 1229 2798 edd
1269 2753 1351 2796 sed
1390 2754 1532 2808 „forta
1566 2753 1621 2797 οὐ
1660 2753 1815 2808 κώμης

118 2811 370 2868 ὁρωμένης,
403 2811 611 2867 δένδρων
642 2810 693 2856 δὲ
732 2811 888 2868 μόνων
919 2810 1220 2868 λελειμμένων
1249 2813 1318 2857 vel
1349 2813 1404 2856 οὐ
1435 2813 1591 2868 κώμης
1625 2812 1814 2866 ἀνδρῶν

120 2869 370 2928 ὁρωμένης,
402 2878 638 2928 γυναικῶν
670 2869 721 2915 δὲ
749 2871 830 2915 καὶ
852 2869 1058 2916 παιδίων
1088 2870 1245 2927 μόνων
1272 2870 1603 2926 λελειμμένων“
1626 2870 1695 2913 Re

124 2933 181 2972 18
214 2928 485 2999 L‘ninserui
517 2943 542 2974 e
569 2931 702 2974 PMa
763 2927 856 2974 ἐστί
880 2931 974 2975 Ath
1035 2944 1111 2974 om
1142 2930 1235 2973 edd
1355 2934 1411 2972 20
1444 2929 1634 2974 διάνοια
1664 2929 1732 2971 Re
