2010 3168
492 93 689 139 INVIDI
719 93 788 138 SE
819 93 1199 138 DEFERENTIS
1231 90 1456 137 ORATIO
1720 90 1829 143 653

138 233 171 301 ἡ
212 232 379 301 λύπη
433 236 515 303 τῷ
567 231 844 303 θανάτῳ.
899 231 1034 284 κατὰ
1088 237 1289 283 τοῦτον
1341 228 1500 296 ὑμῖν,
1547 223 1590 281 ὦ
1636 227 1830 296 βουλή,

135 322 392 390 πρόσειμι
439 320 539 373 τὸν
586 320 776 388 νόμον.
815 322 913 372 καί
947 339 1012 386 με
1067 318 1314 372 ἐνταῦθα
1358 318 1713 387 πεπόμφασιν
1752 316 1831 368 ol-

137 412 253 462 κιάι
292 409 414 476 δύο,
453 408 770 477 πράττουσα
808 404 908 476 μὲν
946 416 1124 470 κακῶς
1162 407 1196 475 ἡ
1236 405 1362 474 ἐμή,
1411 408 1729 458 πλουτοῦσα
1768 404 1831 457 δὲ

137 506 317 560 κακῶς
353 498 387 566 ἡ
426 504 526 550 τοῦ
566 497 829 564 γείτονος.

251 585 336 638 62.
391 586 488 654 Μὴ
535 588 730 638 τοίνυν
776 585 1056 655 ἄπρακτον
1101 581 1462 652 ἀποπέμψητέ
1501 602 1568 650 με
1618 589 1683 652 τῇ
1730 577 1832 650 μὲν
1878 605 1899 638 5

138 674 524 743 ἐνοικήσοντα,
569 674 670 742 τὴν
717 670 779 726 δὲ
826 672 1068 742 ἐγγύθεν
1106 672 1408 740 ὀψόμενον,
1455 667 1571 724 ἀλλ’
1618 669 1831 724 ἐπιστο-

139 766 314 834 μίζετε
359 765 491 826 τοὺς
536 761 925 831 ἀντιλέγοντας
969 759 1106 831 μηδὲ
1154 761 1274 815 ἐᾶτε
1319 769 1435 824 τοῖς
1488 759 1834 813 πεπτωκόσιν

140 852 508 922 ἐπεμβαίνειν,
546 852 685 919 πρὸς
716 850 814 914 οὓς
846 850 950 918 ἐγὼ
982 850 1188 920 βραχέα
1220 848 1557 916 διαλέξομαι·
1598 849 1833 918 ἄνδρες

138 939 353 995 δεινοὶ
418 939 636 1008 λέγειν
695 940 801 993 καὶ
861 941 1029 1007 βοᾶν
1087 937 1194 992 καὶ
1255 939 1702 1009 καρπούμενοι
1763 936 1832 990 τὸ

138 1033 310 1099 βῆμα
347 1027 453 1082 καὶ
491 1032 935 1091 πλουτοῦντες
986 1027 1105 1082 άπὸ
1148 1035 1262 1097 τῆς
1302 1035 1522 1096 φωνῆς
1559 1031 1640 1099 τῷ
1680 1044 1832 1079 ποτε
1858 1051 1902 1083 ιο

138 1121 493 1187 κεκίνησθε
553 1118 711 1186 πρὸς
773 1117 1183 1186 ἀντιλογίαν;
1254 1117 1459 1186 βλάβη
1521 1135 1619 1178 τις
1678 1114 1834 1182 ὑμῖν

140 1204 249 1275 ἐμὲ
287 1210 620 1276 τελευτᾶνς
669 1205 955 1275 οὐδεμία.
1008 1204 1141 1260 ἀλλ’
1189 1204 1332 1276 ἐμοὶ
1378 1206 1609 1275 κέρδος
1654 1221 1833 1274 περι-

140 1306 338 1365 εῖναι;
379 1297 566 1365 ζημία
603 1295 720 1362 μὲν
759 1291 877 1349 οὖν
915 1293 1166 1364 ἐσχάτη.

255 1384 340 1437 63.
379 1380 528 1437 Ἀλλ’
582 1384 615 1452 ἡ
663 1385 850 1447 πόλις
904 1383 1143 1454 ἀνδρὸς
1196 1386 1579 1453 στερήσεται
1635 1395 1834 1435 σπου-

142 1475 177 1526 δ
186 1476 349 1527 αίου.
396 1473 575 1535 πάσας
619 1472 746 1541 μέν,
787 1469 829 1526 ὦ
877 1475 1077 1542 βουλή,
1122 1474 1218 1535 τὰς
1269 1473 1552 1542 στρατείας
1598 1469 1836 1539 ἐξῆλθον
1859 1494 1904 1528 15

264 1668 286 1706 7
321 1662 380 1707 of.
412 1663 472 1706 ad
503 1677 549 1719 p.
575 1666 721 1717 609‚4
843 1667 897 1706 15
930 1662 1060 1707 Dem.
1092 1678 1136 1719 p.
1165 1666 1294 1717 1353,
1312 1667 1368 1706 24

264 1831 286 1869 1
321 1829 383 1884 τῷ
414 1825 610 1885 θανάτῳ
635 1826 711 1871 La
742 1825 824 1870 sed
855 1825 937 1870 τὸν
968 1824 1184 1871 θάνατον
1221 1839 1435 1882 suprascr
1465 1839 1487 1869 s
1535 1827 1541 1880 1
1592 1825 1671 1868 καὶ
1701 1823 1759 1867 τὰ
1786 1823 1839 1868 Cl

140 1886 226 1930 sed
258 1886 337 1929 καὶ
369 1885 418 1928 in
449 1884 568 1929 κατὰ
600 1899 703 1929 corr
732 1885 803 1929 m⁴
830 1887 837 1938 Ι
865 1881 899 1929 ὦ
932 1885 1074 1943 βουλὴ
1105 1883 1319 1941 πρόσειμι
1351 1885 1460 1942 ὑμῖν
1484 1885 1530 1928 Ρ
1561 1885 1567 1940 Ι
1601 1883 1713 1939 ἡμῖν
1738 1884 1843 1928 HV

152 1946 222 1989 Va
343 1948 368 1987 3
401 1941 447 1988 δ’
477 1946 529 1989 ,Η
540 1945 583 1988 V
696 1949 724 1987 4
755 1951 912 1996 κακῶς
943 1945 1000 1989 Vi
1031 1945 1112 1989 sed
1142 1947 1293 1996 καλῶς
1321 1944 1371 1987 in
1402 1957 1536 2000 marg
1560 1941 1629 1986 m'
1689 1945 1838 1993 καλῶς

143 2005 258 2048 ΒΜ
284 2003 352 2047 Re
413 2017 489 2046 om
513 2004 620 2048 HV
734 2009 759 2047 5
791 2011 854 2047 τῶ
884 2004 940 2049 Vi
971 2003 1052 2048 sed
1082 2010 1138 2062 τῇ
1171 2004 1220 2047 in
1251 2016 1385 2061 marg
1407 2002 1477 2046 m²
1535 2002 1622 2059 τὴν
1654 2003 1724 2047 Va
1755 2002 1838 2045 sed.

142 2080 171 2119 η
204 2063 253 2106 in
283 2062 383 2106 νεεδ
504 2067 529 2106 6
562 2062 865 2118 ἐνοικήσοντα
897 2063 1062 2120 scripsi
1094 2077 1120 2108 e
1152 2064 1194 2107 V
1222 2063 1304 2106 sed.
1335 2079 1360 2108 ο
1386 2076 1442 2106 ex
1466 2079 1496 2105 α
1521 2075 1623 2106 corr
1645 2060 1729 2115 m',
1752 2062 1838 2105 Mo

1568 2138 1598 2163 α

142 2195 405 2240 PMLaVa
435 2197 489 2238 ut
520 2195 624 2239 coni
655 2195 724 2240 Re
786 2194 1092 2252 ἐνοικήσαντα
1117 2196 1214 2240 ΗΒ
1228 2195 1340 2240 νισι
1370 2194 1461 2240 edd
1496 2197 1502 2251 ι
1540 2166 1674 2254 τῧνΡ
1703 2193 1785 2237 sed
1808 2210 1838 2251 η

146 2267 249 2298 eras
281 2256 330 2298 et
360 2271 418 2310 ην
451 2253 529 2298 del
603 2255 685 2299 τὸν
719 2256 777 2300 Vi
814 2255 896 2299 sed
933 2254 1019 2312 τὴν
1051 2267 1267 2311 suprascr
1296 2253 1368 2298 m²
1415 2256 1422 2310 Ι
1473 2253 1657 2298 ἐκεῖθεν
1684 2255 1730 2298 Ρ
1756 2252 1839 2297 sed

144 2314 212 2371 yp‘
246 2313 448 2371 ἐγγύθεν
478 2314 528 2357 in
559 2328 694 2372 marg
837 2318 861 2357 7
893 2314 956 2371 μὴ
988 2313 1041 2359 δὲ
1064 2314 1556 2359 HVMoPMLaVicz
1622 2312 1684 2369 μὴ
1716 2309 1762 2356 δ’
1793 2313 1839 2356 Β

267 2379 317 2417 11
365 2376 657 2417 κεκινεῖσθαι
689 2373 747 2416 H
816 2376 1097 2430 κεκινῆσθαι
1129 2374 1244 2418 VLa
1319 2376 1568 2428 κεκινῆσθε
1600 2373 1682 2416 Mo
1758 2371 1839 2415 καὶ

145 2434 382 2476 κινεῖσθαι
416 2433 484 2476 Va
545 2435 782 2477 κινεῖσθαι
815 2433 928 2478 ViOl
993 2436 1203 2477 κινεῖσθε
1227 2433 1288 2476 Μ
1334 2434 1340 2489 Ι
1388 2430 1459 2483 τίς
1482 2432 1538 2476 H
1544 2431 1841 2476 VMoBPLa

154 2490 348 2535 ViC'lVa
379 2491 471 2534 edd
498 2492 504 2549 Ι
531 2492 640 2548 ὑμῖν
672 2505 748 2535 om
774 2491 858 2536 Mo
981 2497 1035 2535 12
1069 2491 1144 2548 ἐμὲ
1176 2494 1392 2536 τελευτᾶν
1425 2490 1588 2547 scripsi
1621 2503 1676 2533 ex
1700 2490 1840 2534 HMo

146 2550 376 2594 BPMLa
387 2551 443 2594 Vi
519 2550 633 2607 ἐμὴν
662 2553 879 2595 τελευτᾶν
911 2551 956 2596 V
1027 2551 1102 2607 ἐμὲ
1141 2551 1193 2595 τὸ
1232 2553 1447 2595 τελευτᾶν
1482 2550 1549 2594 Va
1624 2551 1839 2593 τελευτᾶν

147 2606 203 2651 Ol
262 2614 342 2665 τῆς
374 2609 484 2665 ἐμῆς
512 2611 723 2665 τελευτῆς
746 2610 836 2654 edd
865 2611 872 2668 Ι
900 2610 1009 2655 οὐδὲ
1042 2607 1124 2667 μία
1148 2610 1278 2654 HLa
1310 2609 1391 2652 sed
1423 2609 1472 2651 in
1501 2608 1590 2652 hoc
1622 2625 1653 2652 α
1683 2608 1733 2651 in
1764 2621 1838 2651 ras

145 2681 203 2710 ex
234 2684 294 2711 αν
327 2681 428 2711 corr
456 2681 493 2722 s,
520 2668 572 2713 Ol
693 2673 747 2712 13
779 2668 867 2726 γάρ
893 2685 946 2726 με
979 2669 1055 2712 καὶ
1089 2672 1170 2725 ζῆν
1201 2669 1309 2725 posi:
1338 2675 1568 2723 περιεῖναι
1598 2666 1723 2710 inser
1747 2666 1841 2710 La⁸

152 2727 156 2783 Ι
193 2726 275 2781 μὲν
300 2727 376 2770 La
414 2726 494 2770 sed
534 2726 584 2770 in
621 2744 700 2784 μοι
739 2741 841 2771 corr
870 2742 893 2773 8
941 2730 948 2784 Ι
998 2725 1083 2772 οὖν
1122 2742 1196 2771 om
1221 2728 1298 2771 La
1441 2731 1495 2769 14
1535 2723 1756 2782 γενναίου
1782 2726 1845 2768 Μ

147 2784 231 2828 sed
263 2802 316 2841 γρ
351 2783 610 2830 σπουδαίου
642 2786 691 2829 in
721 2801 856 2843 marg
882 2790 888 2844 Ι
915 2789 1023 2843 post
1047 2784 1307 2831 σπουδαίου
1339 2798 1519 2829 comma.
1540 2786 1598 2829 H
1653 2785 1840 2842 signum

147 2843 528 2900 interrogationis
551 2844 720 2900 reliqui
744 2845 853 2889 libri
874 2846 965 2890 edd
1026 2847 1251 2902 punctum
1268 2845 1403 2901 posui
1512 2849 1565 2887 15
1591 2845 1841 2900 διεξῆλθον

151 2903 355 2946 MViVa
416 2904 615 2959 διῆλθον
641 2906 774 2949 MoB
