2010 3168
230 101 262 155 8
679 101 907 146 LIBANII
937 100 1326 146 DECLAMATIO
1358 101 1465 146 XIII

227 239 395 305 ἄγειν.
450 245 615 291 τοῦτο
672 235 719 289 δ’
782 237 1010 305 ἀπορεῖν
1063 236 1196 306 ἡμῖν
1250 237 1491 306 ἐπῆλθεν
1545 238 1645 307 οὐχ
1702 239 1773 301 ὡς
1827 237 1914 292 ἐπὶ

226 335 441 394 μικροῖς
480 327 568 379 καὶ
610 326 847 392 φαύλοις
886 334 1001 388 τοῖς
1032 326 1450 396 πεπραγμένοις,
1491 326 1622 380 οὐδὲ
1654 329 1758 397 γὰρ
1799 327 1916 395 ἐφι-

227 413 422 467 κέσθαι
462 421 537 485 τῷ
578 417 721 485 λόγῳ
763 415 1006 467 δυνατὸν
1052 410 1131 467 ὧν
1177 416 1236 467 οῖ
1277 418 1612 483 ταλαίπωροι
1653 418 1916 469 Ποτιδαι-

228 511 350 556 ᾶται
390 506 727 571 πεπόνθασι,
768 504 1064 571 τηλικαῦτά
1112 503 1226 556 ἐστι
1266 505 1326 557 τὸ
1366 503 1628 573 μέγεθος,
1667 503 1784 557 ἀλλ’
1832 505 1916 558 ὅτι

137 595 259 640 RIV
276 601 361 640 349
409 601 629 661 πρῶτον
668 591 768 660 μὲν
808 591 1063 660 ἑωρῶμεν
1097 589 1104 662 Ι
1149 592 1314 645 οὐδὲν
1356 596 1749 662 φροντίζοντας
1787 597 1917 658 τοὺς

183 703 201 735 6

160 1060 202 1091 10

226 679 553 748 Ἀθηναίους
592 681 718 732 οὔτε
765 680 921 748 ἡμῶν
968 681 1095 733 οὔτε
1141 690 1253 733 τῶν
1292 682 1476 734 ἄλλων
1507 678 1785 750 Ἑλλήνων
1825 700 1916 735 πε-

227 771 477 831 πεικότας
525 768 755 831 ἑαυτοὺς
802 770 875 831 ὡς
924 768 1090 822 οὐδὲν
1145 770 1230 822 δεῖ
1283 778 1393 822 τῶν
1441 770 1671 823 δικαίων
1718 764 1801 834 οἷς
1849 770 1918 824 ἂν

228 855 317 927 ἐξῇ
372 858 672 926 βιάζεσθαι.
737 860 919 910 ἔπειτα
975 855 1023 910 δ’
1086 857 1206 912 οὐδ’
1267 858 1425 919 ὅσιον
1478 859 1609 927 ἡμῖν
1662 859 1918 928 ἐφαίνετο

227 946 401 1008 οὕτως
447 946 680 999 ἀπίστου
727 947 816 999 καὶ
869 946 1119 1016 ἀθέσμου
1167 949 1490 1016 πολιορκίας
1535 950 1916 1017 μνημονεύειν.

228 1030 307 1087 ὧν
347 1022 465 1102 γὰρ
492 1030 647 1088 οὗτοι
687 1037 751 1088 τὰ
792 1037 924 1104 ἔργα
970 1035 1307 1104 ὑπέστησαν,
1354 1038 1568 1089 τούτων
1615 1034 1746 1090 οὐδὲ
1789 1041 1918 1100 τοὺς

227 1125 428 1191 λόγους
473 1124 626 1192 ἡμεῖς
674 1123 954 1193 ἐφέρομεν.
1017 1123 1066 1177 2.
1114 1131 1284 1177 ταῦτα
1330 1123 1431 1193 μέν
1486 1123 1600 1178 ἐστι
1655 1124 1726 1178 δι’
1781 1127 1918 1196 ἅπερ

219 1211 527 1281 ’ὠκνοῦμεν,
567 1211 941 1282 ἐτολμήσαμεν
981 1212 1029 1265 δ’
1078 1212 1393 1277 ἐπεξελθεῖν
1429 1215 1663 1281 μάλιστα
1708 1211 1810 1284 μὲν
1850 1215 1918 1282 δὴ

177 1326 179 1329 ·
227 1302 330 1354 διὰ
350 1303 481 1364 τοὺς
513 1294 699 1370 θεούς,
731 1297 810 1355 ὧν
842 1298 998 1355 οὗτοι
1030 1304 1126 1365 τὰς
1156 1304 1380 1372 χάριτας
1410 1302 1694 1372 συνέχεαν,
1734 1305 1919 1356 ἔπειτα

159 1503 200 1534 15

227 1387 288 1442 δὲ
334 1388 424 1442 καὶ
482 1388 552 1443 δι’
616 1391 805 1458 αὐτὴν
845 1392 947 1458 τὴν
1001 1391 1247 1455 ὑποψίαν
1303 1392 1512 1460 αὐτῶν,
1566 1393 1637 1461 μὴ
1693 1401 1788 1460 τῆς
1842 1394 1920 1455 είς

228 1480 539 1532 Ποτίδαιαν
579 1479 828 1547 ἀσεβείας
866 1482 1254 1548 παροφθείσης
1293 1481 1395 1549 τὴν
1439 1483 1569 1548 βίαν
1608 1479 1696 1533 ἐπὶ
1731 1488 1919 1534 ’πᾶσαν

226 1569 470 1635 ἀγάγωσι
510 1569 611 1636 τὴν
644 1567 890 1621 Ἑλλάδα.

338 1656 386 1708 3.
451 1659 525 1708 Τὰ
580 1657 681 1723 μὲν
737 1653 840 1710 οὖν
894 1657 1248 1727 πεπραγμένα
1309 1666 1425 1721 τοῖς
1478 1657 1811 1727 Ἀθηναίοις,
1875 1655 1917 1712 ὦ

227 1746 425 1813 ἄνδρες
451 1743 726 1814 Ἓλληνες,
765 1747 992 1798 τοιαῦτά
1032 1746 1184 1799 ἐστιν
1225 1748 1296 1809 ὡς
1334 1750 1424 1799 καὶ
1462 1747 1670 1809 πάντας
1702 1747 1917 1816 ἀνθρώ-

347 1926 369 1963 7
404 1920 545 1965 Thuo.
571 1921 591 1965 Ι
618 1926 688 1976 77,
708 1927 729 1965 1

349 2074 370 2112 1
398 2069 459 2119 ὡς
482 2069 607 2112 inser
634 2068 744 2113 Μα5
866 2074 890 2112 2
922 2068 1031 2113 οὐδὲ
1057 2068 1221 2125 scripsi
1247 2071 1436 2113 auctore
1462 2068 1617 2112 Gasda
1679 2069 1784 2114 οὔτε
1809 2068 1919 2112 libri

227 2127 316 2171 edd
439 2132 466 2170 4
496 2131 747 2200 τηλικαῦτα
782 2129 839 2172 Vi
869 2129 950 2171 sed
982 2135 1174 2171 τοιαῦτα
1207 2129 1256 2171 in
1289 2142 1422 2184 marg
1448 2128 1550 2182 11131
1579 2127 1665 2184 γὰρ
1691 2130 1799 2171 ante
1824 2128 1919 2172 ἐστι

232 2187 294 2230 ’1Τί
414 2191 436 2229 ’7
472 2183 519 2229 δ’
549 2189 657 2230 ante
685 2186 878 2238 ἑαυτοὺς
902 2188 1005 2231 HV
1063 2186 1113 2232 δὲ
1141 2187 1415 2231 MViMaCz
1445 2187 1535 2231 edd
1598 2186 1748 2230 delevi
1775 2189 1782 2243 Ι
1810 2185 1917 2231 ἐαυ-

226 2246 334 2296 τοὺς
357 2245 522 2301 scripsi
547 2260 602 2288 ex
626 2247 683 2290 H
690 2247 794 2290 VVz
854 2247 1023 2296 αὐτοὺς
1042 2248 1097 2290 Μ
1158 2247 1326 2297 αὐτοὺς
1345 2247 1433 2290 Μα
1457 2244 1572 2289 sed'
1600 2246 1688 2289 in‘
1717 2259 1819 2289 corr
1833 2245 1917 2301 m⁸‚

229 2304 281 2349 ΟΖ
312 2304 403 2349 edd
431 2306 436 2361 Ι
465 2305 603 2349 οὐδὲν
633 2331 682 2336 ———
711 2309 737 2347 8
770 2303 1016 2378 βιάζεσθαι
1048 2305 1164 2348 cissat
1195 2305 1427 2348 Macarius
1458 2305 1630 2348 f0187
1660 2305 1918 2360 praemisso

226 2363 366 2408 titulo
398 2380 478 2420 της
509 2363 692 2420 μελέτης
724 2365 773 2407 ἐν
806 2357 834 2421 ᾗ
866 2361 1108 2418 κρίνονται
1140 2365 1369 2420 ἀθηναῖοι
1400 2364 1491 2408 ὑπὸ
1524 2362 1782 2419 κορινθίων
1814 2363 1918 2407 ἀσε-

228 2421 356 2481 βείας
387 2423 468 2467 διὰ
498 2422 550 2466 τὸ
583 2424 691 2472 τοὺς
722 2423 1028 2472 ποτιδαιάτας
1058 2422 1263 2477 ἀλλήλων
1296 2423 1555 2479 γεύσασθαι
1590 2420 1918 2478 πολιορκουμέ-

228 2512 337 2546 νους
375 2495 466 2539 ὑπὸ
506 2493 756 2551 ἀθηναίων
782 2521 837 2528 -
862 2498 953 2551 μελ.
979 2498 1035 2541 λδ
1083 2499 1090 2551 Ι
1150 2502 1275 2552 „post
1314 2493 1510 2540 δικαίων
1551 2495 1728 2540 videtur
1766 2501 1917 2539 ποιεῖν

1710 2552 1881 2605 ἀθλίας

228 2614 394 2658 (1663εᾶ
415 2614 483 2657 Re
511 2617 516 2671 Ι
544 2621 635 2657 τῶν
653 2610 849 2657 δικαίων
867 2615 938 2658 δεῖ
949 2615 1036 2657 Μα
1149 2618 1176 2657 8
1195 2609 1338 2657 ἔπειτ’
1360 2611 1466 2657 οὐδ’
1490 2615 1546 2657 Vi
1663 2617 1688 2656 9
1705 2611 1917 2669 ἀθέσμου

229 2673 274 2716 Β
398 2678 449 2715 12
486 2672 712 2727 ὀκνοῦμεν
737 2673 795 2716 Η
799 2672 883 2715 VB
919 2675 924 2725 1
965 2689 1086 2727 ομως
1117 2674 1226 2716 ante
1259 2672 1523 2724 ἐπεξελθεῖν
1556 2672 1782 2716 excidisse
1812 2672 1917 2716 coni

229 2730 383 2775 Gasda
411 2734 417 2787 Ι
445 2731 502 2787 δὴ
529 2745 602 2775 0111
638 2730 678 2774 V
735 2730 812 2774 del
836 2730 902 2773 Re
1026 2735 1078 2774 13
1111 2731 1303 2789 χάριτας
1329 2733 1417 2775 Μα
1442 2731 1522 2774 sed
1547 2730 1653 2786 άριτ
1676 2731 1725 2774 in
1748 2743 1825 2774 ras
1847 2728 1918 2773 m⁸

233 2819 235 2822 ι
265 2748 502 2847 συνέχεονη
510 2790 603 2835 Vol
626 2789 727 2833 Mor
779 2790 1048 2846 scriptura
1036 2805 1084 2832 m
1105 2791 1165 2835 Cr
1187 2803 1352 2846 parum
1374 2793 1502 2834 certa
1625 2795 1677 2833 14
1701 2786 1916 2845 ὑποψίαν

228 2848 392 2905 scripsi
460 2846 728 2904 ὑπεροψίαν
760 2847 870 2891 libri
902 2849 993 2891 edd
1116 2853 1169 2891 16
1207 2847 1412 2905 ἀγάγωσι
1437 2850 1482 2892 Β
1515 2849 1596 2893 scd
1628 2863 1673 2892 σι
1703 2848 1753 2891 in
1783 2861 1858 2890 ras
1891 2861 1915 2890 ο

228 2923 324 2963 μεν,
348 2910 402 2950 ut
425 2907 621 2958 videtur,
640 2920 740 2950 corr
801 2906 1046 2963 ἀγάγωμεν
1072 2908 1221 2952 ViMa
1238 2907 1317 2950 sod
1343 2922 1389 2952 σι
1412 2921 1628 2963 suprascr
1651 2906 1846 2950 Vi²Ma⁸
1849 2904 1919 2956 ,Οἵ
