2010 3168
199 607 218 640 5

241 95 311 148 48
695 94 921 138 LIBANII
951 93 1340 138 DEOLAMATIO
1373 93 1480 138 XIII

241 250 352 283 των
405 229 661 298 τράπεζαι
710 239 822 283 τῶν
875 226 1044 282 ἔνδον
1096 233 1388 299 τραπεζῶν.
1444 231 1503 283 τὸ
1559 230 1607 283 δ’
1665 230 1933 286 ἐντεῦθεν

242 319 550 387 ὁμωρόφιοι
589 327 704 381 τοῖς
741 318 1171 387 ὑπολειφθεῖσιν
1210 317 1482 386 ἐγένοντο.
1523 324 1816 390 παρῆλθον
1856 322 1933 384 εἰς

245 409 555 461 Ποτίδαιαν
592 408 724 475 μετὰ
762 409 828 460 τὰ
868 409 1082 476 δεῖπνα,
1120 412 1332 476 μᾶλλον
1371 407 1421 461 δ’
1459 410 1540 462 ἔτι
1572 408 1934 478 σιτουμένους

243 496 559 565 κατέλαβον.
613 499 923 566 περιῆλθον
977 495 1038 549 ἐν
1090 497 1272 569 κύκλῳ
1325 497 1427 565 τὴν
1480 498 1643 550 πόλιν
1698 497 1935 567 ἀκριβῶς

244 585 789 654 ἀναπυνθανόμενον
851 587 1046 637 πόσοι
1108 582 1224 653 μὲν
1289 586 1355 638 οἱ
1419 586 1934 655 δαπανήσαντες,

243 677 434 727 πόσοι
490 673 538 726 δ’
601 675 665 726 οὗ
717 672 1210 742 δαπανηθέντες
1264 670 1450 742 ἦσαν;
1506 675 1586 743 μὴ
1641 675 1936 744 φαύλους

242 762 382 831 μηδ’
442 763 709 831 ὀλίγους
764 763 1124 834 εἱστίασαν,
1187 763 1272 816 66.
1321 757 1436 816 εἶτα
1482 762 1571 818 ἐπὶ
1616 763 1833 826 τούτοις
1879 763 1939 816 αἱ

245 853 505 918 σπονδαί,
553 850 640 904 ἐπὶ
686 854 874 914 καλοῖς
921 870 982 918 γε
1027 860 1145 914 τοῖς
1186 853 1418 921 ἱερείοις.
1465 850 1556 905 καὶ
1596 853 1654 905 οἱ
1687 851 1788 919 μὲν
1827 849 1935 916 ἐξε-

244 939 546 1010 πέμποντο,
602 941 654 993 οῐ
710 938 758 993 δ’
821 937 986 993 ἔνδον
1040 935 1181 1008 ἦσαν
1233 942 1471 1003 θύοντες
1524 941 1597 1003 ὡς
1649 938 1738 993 ἐπὶ
1792 942 1936 1011 νίκῃ,

180 1051 222 1084 ιο
246 1030 617 1098 εὐωχούμενοι
656 1029 790 1097 μετὰ
827 1030 923 1091 τὰς
963 1028 1188 1082 ἐκείνων
1219 1028 1466 1097 εὐωχίας,
1503 1027 1937 1098 παρατιθέμενοι

180 1494 222 1528 15

245 1120 339 1181 τὰς
385 1118 554 1180 αὐτὰς
599 1117 874 1184 τραπέζας.
921 1115 1012 1170 καὶ
1059 1125 1167 1170 νῦν
1213 1117 1271 1170 οἱ
1310 1117 1412 1184 μὲν
1459 1115 1804 1186 ἐξελήλανται
1845 1115 1936 1170 καὶ

245 1211 561 1260 πλανῶνται
601 1207 765 1269 ἄλλος
804 1205 1045 1275 ἀλλαχοῦ
1094 1205 1508 1276 διεσπαρμένοι,
1556 1201 1710 1259 οὗτοι
1751 1204 1799 1259 δ’
1847 1206 1938 1260 ἐπ-

247 1299 434 1359 οίκους
471 1294 704 1363 πέμπειν
744 1296 1103 1348 διανοοῦνται
1140 1293 1231 1348 καὶ
1282 1297 1428 1364 ἔχειν
1468 1293 1538 1347 δι’
1587 1294 1799 1348 ἑαυτῶν
1836 1297 1939 1364 τὴν

246 1386 410 1437 πόλιν
440 1391 603 1437 τοῦτο
634 1381 737 1450 μὲν
769 1383 955 1452 ὀρθῶς
985 1391 1289 1446 ποιοῦντες.
1330 1383 1453 1448 ἀξία
1484 1385 1589 1452 γὰρ
1622 1380 1939 1452 Ἀθηναίων

247 1472 279 1540 ἡ
320 1481 427 1526 νῦν
467 1474 756 1526 Ποτίδαια.

369 1638 420 1676 11
456 1632 599 1676 Thuc.
623 1632 666 1676 Π
692 1637 761 1688 70,
780 1639 804 1677 2
930 1638 983 1700 12
1017 1633 1159 1678 Thuc.
1185 1633 1227 1676 Π
1253 1637 1322 1688 70,
1342 1638 1366 1676 3

368 1786 392 1824 2
428 1781 676 1837 ὁμορόφιοι
700 1782 816 1826 BVi
876 1779 1131 1838 ὁμορόφοις
1164 1783 1207 1826 V
1232 1781 1289 1825 cf.
1323 1782 1384 1825 ad
1415 1782 1447 1825 t.
1474 1781 1516 1825 V
1540 1786 1640 1837 213,
1659 1787 1683 1824 6
1831 1784 1855 1823 3
1888 1777 1935 1823 δ’

249 1840 314 1884 ἔτι
341 1840 431 1884 Μα
463 1841 544 1883 sed
577 1838 623 1883 δ’
660 1842 681 1884 ἐ
712 1841 762 1883 in
792 1854 870 1884 ras
901 1840 971 1884 ηιξ
1033 1840 1085 1885 δέ
1114 1858 1160 1885 τι
1186 1841 1238 1886 Ol
1299 1838 1352 1885 δέ
1381 1855 1473 1884 τισι
1507 1842 1563 1886 Vi
1604 1843 1610 1897 Ι
1659 1847 1741 1884 τοῦ
1774 1838 1940 1896 μένους

259 1900 315 1944 Vi
435 1904 461 1942 4
493 1899 749 1957 κατέλαβον
783 1901 841 1944 Vi
871 1901 952 1943 sed
977 1901 1120 1958 βαλον
1145 1914 1285 1956 supra
1308 1901 1452 1958 λαβον
1477 1899 1547 1943 m²
1667 1905 1692 1942 5
1726 1897 1940 1952 δαπανή-

249 1972 412 2009 σαντες
438 1961 526 2003 Μα
559 1959 641 2003 sed
666 1958 677 1972 '
703 1973 790 2002 σαν
822 1959 872 2002 in
901 1973 977 2003 ras
1008 1959 1078 2002 m²
1199 1965 1224 2003 6
1255 1958 1394 2004 πόσοι
1425 1956 1472 2002 δ’
1508 1958 1553 2002 οἱ
1584 1956 1941 2014 ὃαπανηθέντες

249 2018 299 2061 in
329 2032 463 2075 marg
489 2017 600 2062 Ma²
626 2021 632 2075 1
661 2019 850 2074 φαύλως
883 2020 1079 2063 VViMa
1109 2018 1191 2062 sed
1222 2018 1272 2061 in
1303 2019 1392 2062 hoc
1423 2036 1458 2062 ω
1491 2018 1540 2061 in
1572 2034 1626 2062 ου
1653 2031 1753 2061 corr
1775 2016 1858 2071 ιη’,
1890 2016 1941 2060 Ol

371 2082 394 2119 7
427 2076 489 2134 μὴ
515 2076 560 2122 δ’
589 2078 794 2122 BViMa
917 2081 941 2120 9
976 2075 1069 2121 οἵδ’
1097 2077 1206 2121 libri
1231 2077 1321 2120 edd
1455 2082 1506 2120 12
1542 2075 1613 2121 ἐπ’
1646 2076 1804 2127 οἴκους
1829 2075 1882 2120 Ol

251 2133 477 2187 ἀποίκους
511 2137 567 2180 Vi
691 2142 742 2180 13
775 2138 929 2180 αὐτῶν
954 2139 999 2181 Β
1498 2155 1501 2158 ⁴
