2010 3168
565 92 1030 138 ATHENIENSIUM
1060 92 1358 138 DEFENSIO
1740 91 1812 146 55

235 234 282 284 6.
348 229 625 299 Ἀσέβειαν
678 228 1063 299 προφέρουσιν
1114 230 1247 299 ἡμῖν
1303 232 1628 298 Κορίνθιοι,
1691 228 1813 283 ἀσέ-

123 323 296 389 βειαν,
337 316 378 372 ὦ
412 319 609 384 ἄνδρες
642 319 1088 386 Λακεδαιμόνιοι,
1119 326 1340 388 πρᾶγμα
1380 318 1512 386 ὅπερ
1558 318 1612 382 ἐς
1645 320 1812 387 δεῦρο

123 409 190 462 οὐ
235 410 412 476 μόνον
459 408 560 460 οὐκ
608 405 784 476 ε’φάνη
832 427 915 470 τις
963 405 1262 476 ἐξενεγκὼν
1299 406 1427 461 καθ’
1474 407 1646 477 ἡμῶν,
1688 407 1805 462 ἀλλ’

123 497 255 550 οὐδὲ
280 497 616 564 διανοηθείς,
634 495 724 549 καὶ
745 499 932 565 βαρεῖς
957 497 1116 564 εἰσιν,
1142 496 1214 559 ὡς
1239 496 1416 566 ὁρᾶτε,
1434 506 1540 550 νῦν
1565 492 1650 566 ἐφ’
1675 497 1814 566 ἡμᾶς

122 578 479 654 πειραθέντες
526 583 615 638 καὶ
663 593 835 638 ταῦτα
866 582 1198 654 Ἀθηναίων,
1239 588 1289 638 εί
1325 587 1397 655 μὴ
1438 595 1690 655 χρηστῶν
1728 585 1811 639 ἀεὶ
1860 607 1879 639 5

121 673 211 727 καὶ
238 675 674 743 φιλανθρώπων,
707 674 854 743 ὅμως
883 676 1152 728 τοιούτων
1184 675 1450 728 οὐδέποτε
1483 674 1560 728 ἐπ’
1595 661 1812 738 αὐτούς.

120 763 239 831 ἥτις
278 761 338 816 δὲ
385 766 663 832 πρόφασις
710 767 997 832 κεκίνηκεν
1043 762 1172 817 ὥστ’
1216 763 1305 817 ἐπὶ
1351 763 1513 817 ταῦθ’
1562 764 1814 834 ὁρμῆσαι,

122 853 170 904 εἰ
209 849 310 920 μὲν
357 853 490 905 ἄλλο
546 873 598 906 τι
653 854 720 907 ὃν
773 854 1117 921 κρύπτουσιν
1164 853 1346 921 αὐτοί,
1397 863 1587 923 σαφῶς
1634 852 1815 922 λέγειν

120 941 224 993 οὐκ
265 946 438 1010 ἴσμεν,
480 940 507 994 ὃ
551 940 596 994 δ’
646 937 750 995 οὖν
789 957 925 1010 φασι
971 941 1062 995 καὶ
1109 943 1265 1012 ὑμεῖς
1311 943 1578 1012 ἠκούσατε
1626 945 1814 1011 λεγόν-

120 1049 248 1098 των,
290 1032 588 1098 Ποτίδαια,
637 1032 720 1084 ὅτι
765 1033 971 1100 ταύτην
1017 1036 1286 1101 πολεμίαν
1333 1028 1508 1085 οὖσαν
1546 1046 1812 1102 παρεστη-
1841 1052 1882 1084 ιο

121 1120 353 1188 σάμεθα,
391 1121 481 1173 καὶ
516 1121 881 1174 Ποτιδαιᾶται
914 1121 1167 1190 ἀλλήλων
1207 1123 1508 1191 γευόμενοι.
1549 1129 1711 1175 τοῦτο
1752 1122 1813 1175 δὲ

120 1211 178 1260 τί
226 1208 361 1262 ποτέ
412 1208 526 1262 ἐστι
580 1209 670 1263 καὶ
726 1211 873 1274 ὅπως
926 1211 1244 1281 συνηνέχθη
1299 1211 1388 1264 καὶ
1435 1214 1519 1274 τίς
1567 1212 1814 1280 ἀρχῆθεν

120 1298 269 1350 αἰτία
306 1299 440 1370 τῷδε
480 1302 773 1368 συμβῆναι,
813 1299 1056 1370 λέγωμεν
1095 1302 1217 1370 ἤδη.
1258 1301 1306 1353 εἰ
1346 1297 1407 1353 δὲ
1446 1302 1643 1369 μικρὸν
1683 1300 1814 1354 ἀνα-

121 1388 386 1454 γαγόντες
424 1386 676 1457 ἐροῦμεν,
718 1390 819 1442 οὐκ
858 1386 960 1453 ἔξω
999 1397 1162 1443 τοῦτο
1199 1397 1411 1458 καιροῦ.
1451 1387 1668 1457 γένοιτο
1708 1390 1812 1459 γὰρ

122 1475 192 1528 ἂν
240 1476 505 1530 ἐντεῦθεν
554 1476 644 1531 καὶ
691 1479 825 1547 ὑμῖν
878 1484 1057 1542 καλῶς
1112 1477 1543 1548 ἀκροασαμένοις
1590 1477 1815 1546 ἀγνοεῖν
1841 1497 1880 1529 15

120 1563 246 1634 περὶ
285 1566 522 1635 μηδενὸς
558 1566 649 1620 καὶ
689 1567 821 1636 ἡμῖν
858 1569 957 1621 τὸν
993 1570 1160 1636 λόγον
1192 1569 1292 1636 τὴν
1322 1566 1645 1637 πρέπουσαν
1685 1571 1815 1634 λαμ-

114 1655 316 1723 βάνειν
356 1655 544 1725 ἀρχήν.

237 1744 283 1796 7.
341 1746 651 1798 Ποτίδαιαν
711 1747 812 1814 τὴν
866 1746 974 1799 ὑπὸ
1029 1748 1358 1814 Παλλήνην,
1420 1748 1481 1799 τὸ
1538 1746 1816 1817 Θρᾳκικὸν

123 1834 267 1902 ὅρος,
304 1839 418 1887 ἴστε
449 1852 559 1887 που
591 1835 804 1898 πάντες.
845 1836 1068 1888 ἄποικοι
1102 1836 1429 1903 Κορινθίων
1459 1832 1649 1904 ἔχουσι
1687 1835 1816 1887 ταύ-

121 1942 237 1991 την.
278 1923 421 1976 οὕτω
455 1925 763 1993 Κορίνθιοί
798 1941 934 1994 φασι
966 1923 1058 1977 καὶ
1090 1931 1503 1993 συμφωνοῦμεν
1540 1924 1695 1992 ἡμεῖς
1724 1924 1815 1976 καὶ
1841 1942 1883 1975 20

123 2011 304 2069 ἐθέλει
343 2014 468 2082 περὶ
515 2014 718 2066 τούτου
765 2011 951 2076 οὐδεὶς
998 2013 1264 2066 ἀπιστεῖν.
1310 2013 1480 2082 ταύτῃ
1527 2033 1611 2065 τοι
1651 2011 1741 2065 καὶ
1781 2011 1814 2080 ἡ

122 2103 282 2163 πόλις
320 2102 417 2169 ἥδε
456 2103 703 2170 μεγάλως
743 2101 1122 2171 σεμνυνομένη
1164 2100 1221 2154 ἐκ
1261 2108 1360 2155 τοῦ
1405 2101 1665 2169 λέγεσθαι
1704 2104 1814 2154 Κο-

124 2193 366 2256 ρινθίων
405 2191 586 2259 ἠγάπα
624 2192 686 2244 τό
724 2211 781 2244 τε
819 2190 980 2259 γένος
1019 2189 1192 2244 ἐκεῖσε
1232 2190 1316 2244 ἀεὶ
1348 2189 1648 2260 ἀναφέρειν
1686 2191 1816 2252 τούς

123 2298 181 2331 τε
228 2280 600 2349 δημιουργοὺς
645 2279 736 2333 καὶ
783 2281 926 2348 μάλα
973 2279 1220 2346 ἀσμένως
1274 2278 1536 2348 δέχεσθαι
1582 2280 1817 2347 ἥκοντας

124 2365 342 2421 ἐκεῖθεν
372 2370 463 2421 καὶ
495 2369 524 2421 ὅ
556 2389 607 2421 τι
639 2368 1007 2437 προσέταττον
1039 2370 1112 2432 ὡς
1145 2368 1462 2438 ἑτοιμότατα
1489 2368 1814 2421 κατακούειν
1839 2386 1881 2419 25

245 2503 300 2542 24
344 2498 462 2544 οὕτω
507 2498 760 2555 Κορίνθιοι
801 2501 910 2550 τοὺς
953 2499 1329 2556 ἐκπεμπομένους
1360 2499 1590 2556 ἄρχοντας
1630 2498 1696 2549 εἰς
1733 2496 1816 2548 τὰς

125 2558 279 2601 αὐτῶν
310 2556 531 2609 ἀποικίας
562 2559 803 2616 ὠνόμαζον
829 2558 944 2604 LV*
975 2559 1032 2603 cf.
1067 2560 1127 2602 ad
1159 2575 1203 2615 p.
1233 2565 1300 2613 13,
1323 2564 1396 2613 123
1431 2564 1501 2612 56,
1522 2562 1575 2602 12

246 2681 269 2719 7
304 2675 407 2720 ὥστ’
438 2691 513 2721 om
537 2679 581 2722 L
605 2678 687 2722 sed
711 2696 765 2735 γρ
791 2674 898 2721 ὥστ’
926 2677 975 2720 in
999 2691 1133 2734 marg
1155 2676 1225 2720 ῐιι2
1348 2681 1401 2721 13
1425 2676 1625 2734 λέγωμεν
1650 2674 1815 2730 scripsi

186 2734 376 2792 λέγομεν
399 2737 498 2781 LV
523 2736 661 2781 Schm
785 2741 837 2780 15
870 2735 930 2780 ἂν
962 2737 1136 2780 inserui
1169 2750 1194 2779 e
1220 2737 1312 2779 LV
1342 2751 1418 2780 om
1450 2735 1588 2779 Schm
1622 2737 1629 2791 1
1668 2737 1816 2783 καλῶς

126 2791 301 2837 inserui
333 2809 356 2839 e
382 2797 481 2840 LV
514 2809 589 2840 om
628 2795 766 2840 Schm
911 2800 964 2838 21
1013 2796 1179 2840 τούτου
1220 2795 1384 2851 scripsi
1425 2809 1449 2838 e
1475 2795 1571 2839 LV
1640 2793 1815 2837 τούτων

120 2850 267 2895 -Schm
388 2859 442 2898 23
467 2870 515 2898 τε
540 2856 649 2899 ante
670 2853 724 2899 τό
748 2871 796 2899 τε
823 2855 947 2898 inser
972 2854 1109 2898 Schm
1171 2854 1322 2899 delevi
1445 2859 1499 2897 25
1535 2850 1558 2896 ὅ
1582 2869 1624 2896 τι
1650 2851 1814 2906 scripsi

190 2908 258 2955 ὅτι
283 2913 381 2957 LV
406 2913 544 2957 Schm
