2010 3168
215 101 319 154 166
677 99 906 144 LIBANII
937 98 1327 144 DECLAMATIO
1359 99 1467 143 XVI

210 238 382 290 νονοὺ
429 232 556 289 καθ’
611 234 844 304 ἑκάστην
897 234 1107 304 ἡμέραν
1169 235 1593 303 ἀπολογίζεσθαι
1647 236 1904 303 βούλεται

209 325 336 396 περὶ
382 334 495 378 τῶν
541 324 1040 393 πεπολιτευμένων;
1095 324 1180 377 34.
1219 322 1463 392 ἔγνωκάς
1507 343 1631 377 τινα
1678 324 1906 392 γνώμην

210 413 504 484 εἰσφέρειν.
543 414 910 483 προβούλευε,
959 417 1156 482 φησίν,
1204 414 1282 475 εἰς
1319 415 1449 475 τοὺς
1490 414 1904 480 πεντακοσίους,

210 504 396 572 πρώτη
429 503 533 571 γὰρ
574 501 712 570 αὕτη
752 505 944 571 κρίσις.
984 503 1086 571 τὴν
1125 502 1338 570 βουλὴν
1375 501 1650 564 πέπεικας.
1699 502 1776 564 εἰς
1806 502 1905 554 τὸν

165 613 185 645 5
211 593 387 660 δῆμον
442 596 553 659 ἴθι,
617 590 845 660 δευτέρα
899 592 1003 660 γὰρ
1055 591 1088 659 ἡ
1138 591 1560 659 διαχειροτονία.
1615 589 1719 643 κᾶν
1773 592 1904 652 τοὺς

210 681 450 742 πολλοὺς
491 677 618 750 ἔχῃς
657 679 1069 748 ὁμογνώμονας,
1111 680 1265 732 οὔπω
1305 681 1607 746 νενίκηκας.
1648 677 1906 748 ἐφέσιμος

211 770 408 822 λοιπὸν
463 769 541 830 εἰς
593 768 655 821 τὸ
713 769 1069 837 δικαστήριον
1123 769 1156 836 ἡ
1212 767 1523 835 διάγνωσις.
1577 777 1748 837 τριῶν
1802 763 1907 820 οὖν

210 859 389 910 ὄντων
429 858 765 925 συνεδρίων,
805 859 1036 926 βουλῆς,
1077 858 1280 925 δήμου,
1325 857 1707 926 δικαστηρίου,
1755 855 1906 925 ἀκρι-

210 945 475 1012 βέστατον
511 946 856 1015 ὡμολόγηται
887 946 949 999 τὸ
985 947 1356 1013 δικαστήριον.
1390 946 1626 1007 εἰκότως.
1665 944 1697 1012 ἡ
1730 945 1904 1013 βουλὴ

146 1055 188 1087 ιο
213 1034 314 1103 μέν
354 1054 415 1102 γε
455 1033 547 1087 καὶ
587 1034 615 1087 ὁ
656 1035 827 1104 δῆμος
867 1034 1141 1102 ἆνώμοτοι
1180 1035 1280 1102 τὴν
1320 1042 1511 1103 ψῆφον
1551 1032 1803 1103 φέρουσι,
1845 1034 1906 1086 τὸ

211 1124 566 1191 δικαστήριον
605 1119 668 1175 δὲ
708 1125 814 1176 σὺν
853 1123 998 1195 ὅρκῳ
1045 1121 1137 1175 καὶ
1177 1122 1282 1192 ἀρᾷ
1329 1130 1393 1193 τῇ
1432 1124 1674 1193 μεγίστῃ.
1723 1122 1814 1175 καὶ
1853 1123 1906 1175 οἱ

209 1212 310 1279 μὲν
380 1215 481 1282 βοῇ
544 1213 611 1264 τὰ
671 1212 849 1265 πολλὰ
909 1213 1164 1282 κρίνουσι
1226 1212 1363 1281 πρὸς
1424 1210 1597 1280 ὀργὴν
1658 1212 1907 1281 φανερὰν

210 1301 300 1353 καὶ
339 1301 518 1369 χάριν,
559 1301 617 1353 οἱ
653 1301 714 1354 δὲ
751 1301 1004 1370 κρύβδην
1042 1301 1103 1353 τὸ
1146 1300 1313 1364 δόξαν
1353 1303 1617 1353 τίθενται.
1656 1302 1907 1370 θόρυβος

211 1387 272 1441 ἐν
302 1399 417 1451 τοῖς
450 1390 638 1452 ἄλλοις
672 1390 848 1458 ἰσχύει
881 1391 1196 1457 συλλόγοις·
1229 1387 1477 1442 ἐνταῦθα
1507 1389 1644 1458 πρὸς
1666 1388 1820 1458 ὕδωρ
1853 1389 1905 1442 οἱ

121 1482 177 1525 Η.
193 1481 256 1524 ΙΧ
273 1486 328 1525 41
393 1479 563 1546 λόγοι.
594 1476 686 1531 καὶ
717 1480 774 1531 τί
805 1476 812 1550 Ι
847 1479 913 1530 τὰ
945 1480 1105 1542 ἄλλας
1137 1486 1201 1548 τῇ
1225 1481 1402 1547 βουλῇ
1434 1477 1535 1544 μὲν
1567 1477 1668 1531 οὐκ
1698 1475 1907 1540 ἔξεστιν

149 1587 190 1620 16
217 1562 347 1618 οὐδὲ
387 1573 463 1638 τῷ
504 1567 656 1640 δήμῳ
691 1571 854 1620 λῦσαι
885 1576 1096 1635 γνῶσιν
1132 1567 1506 1636 δικαστηρίου,
1545 1574 1620 1638 τῷ
1653 1567 1907 1635 δικαστη-

214 1658 315 1726 ρίω
357 1652 418 1708 δὲ
457 1654 667 1725 ἀμφοῖν
707 1656 830 1723 ἅμα.
870 1654 962 1708 35.·
997 1655 1141 1708 οὕτω
1183 1655 1244 1708 δὲ
1281 1662 1616 1722 κρατοῦντος
1655 1654 1906 1727 ἀκριβείᾳ

210 1746 354 1796 πολὺ
393 1751 494 1797 τοῦ
543 1744 903 1813 δικαστηρίου
950 1742 1055 1811 ἐγὼ
1103 1741 1206 1812 μὲν
1253 1745 1345 1796 διὰ
1389 1744 1612 1796 πάντων
1661 1743 1906 1811 ἐλήλυθα

211 1841 321 1884 τῶν
371 1833 706 1901 συνεδρίων,
761 1831 853 1885 καὶ
907 1833 1012 1901 γὰρ
1053 1834 1153 1901 τὴν
1198 1833 1410 1901 βουλὴν
1457 1833 1558 1901 οὐχ
1603 1828 1770 1900 ἦττον
1815 1832 1906 1885 πέ-

145 1942 187 1974 20
211 1939 370 1973 πεικα
410 1921 694 1989 Κεφάλου,
733 1919 824 1974 καὶ
865 1920 893 1974 ὁ
936 1921 1108 1990 δῆμος
1147 1919 1628 1990 ἐπεχειροτόνησεν
1667 1922 1777 1990 ἅμα
1814 1919 1905 1974 καὶ

208 2011 377 2062 πλείω
405 2010 746 2079 ψηφίσματα,
782 2007 874 2062 καὶ
913 2011 974 2063 τὸ
1013 2013 1201 2079 τρίτον
1242 2010 1308 2077 δὴ
1341 2010 1641 2078 πάλαισμα,
1673 2008 1906 2078 γραφεὶς

211 2100 548 2167 παρανόμων
587 2096 676 2150 ε’πὶ
714 2098 916 2160 πάσαις
954 2107 1072 2160 ταῖς
1104 2096 1347 2165 γνώμαις
1378 2098 1519 2166 ὑμᾶς
1553 2096 1743 2151 ἔπεισα
1776 2100 1906 2161 τοὺς

211 2195 322 2238 τῶν
361 2186 508 2239 ὅλων
560 2190 810 2256 κυρίους·
865 2187 1040 2258 τούτῳ
1082 2187 1144 2239 δὲ
1183 2185 1375 2254 ἀτελὴς
1417 2186 1449 2254 ἡ
1489 2190 1733 2239 πολιτεία
1771 2185 1903 2255 <ἐν>

213 2280 286 2345 τῷ
317 2275 633 2346 κυριωτάτῳ
665 2273 832 2344 μέρει.
864 2283 960 2344 τῆς
992 2274 1282 2339 ἐξετάσεως
1311 2276 1415 2343 γὰρ
1449 2274 1659 2343 ἁπάσης
1688 2274 1841 2337 τέλος
1871 2275 1904 2343 ἡ

332 2409 357 2447 3
390 2404 498 2447 Luc.
532 2403 684 2448 Prom.
713 2410 766 2449 12
892 2410 944 2447 11
978 2405 1154 2449 Andoc.
1180 2407 1318 2461 myst.
1352 2409 1376 2458 ξ
1404 2410 1471 2448 31.
1507 2405 1565 2449 cf.
1590 2404 1651 2448 M.
1676 2404 1905 2449 Fraenkel

213 2463 368 2507 Herm.
394 2463 501 2506 XIII
522 2468 610 2506 452
629 2478 694 2518 sq.

334 2587 356 2623 1
391 2580 690 2637 καθεκάστην
716 2583 853 2626 ΜαΡ
986 2587 1011 2625 2
1042 2598 1149 2625 τινα
1182 2581 1348 2637 scripsi
1381 2594 1404 2624 e
1433 2582 1520 2625 Ma
1553 2595 1658 2624 cum
1690 2581 1903 2625 Hertlino

271 2656 403 2691 τινας
418 2641 465 2684 Ρ
520 2656 646 2690 τινος
670 2639 826 2684 Gasda
948 2645 972 2684 3
998 2642 1106 2696 post
1134 2639 1363 2695 εἰσφέρειν
1389 2642 1435 2684 et
1459 2645 1486 2683 4
1510 2638 1735 2690 πέπεικας
1757 2655 1903 2696 punc-

213 2700 314 2741 tum
345 2698 494 2754 posui,
539 2698 725 2756 signum
755 2699 1136 2755 interrogationis
1163 2701 1301 2744 MaP
1431 2703 1458 2740 4
1498 2699 1585 2754 γὰρ
1626 2699 1792 2756 scripsi
1853 2715 1904 2756 γε

214 2757 351 2802 ΜαΡ
469 2762 493 2801 5
526 2755 749 2812 δευτέραν
773 2759 819 2801 Ρ
842 2761 847 2815 Ι
876 2756 1221 2815 ὃιαχειροτονία
1254 2758 1420 2814 scripsi
1444 2771 1468 2800 e
1494 2760 1583 2802 Ma
1645 2757 1725 2803 διὰ
1757 2774 1904 2815 χειρο-

211 2814 371 2867 τονίας
401 2818 447 2860 Ρ
587 2822 611 2860 9
655 2814 855 2868 εἰκότως.
909 2832 985 2861 om
1018 2819 1106 2861 Ma
1248 2823 1300 2860 12
1345 2816 1494 2874 ἀρχὴν
1538 2816 1681 2873 ὀργὴν
1713 2819 1759 2861 Ρ

217 2908 269 2947 16
303 2889 492 2961 yv‘caffiqvv
517 2906 562 2949 P
682 2909 736 2948 23
771 2904 894 2964 <ἐν>
926 2905 1102 2949 inserui
1164 2919 1239 2948 om
1268 2879 1424 2949 Ma‘13'
1447 2878 1485 2886 ”
