2010 3168
187 625 206 657 5

163 1072 206 1104 10

160 1516 202 1547 15

159 1956 202 1987 20

158 2398 199 2431 85

236 112 307 165 64
824 110 1115 155 GREGORH
1146 110 1346 154 CYPRII

234 247 529 315 ἀλόγιστον
575 244 716 300 εἶναι
763 246 852 300 καὶ
901 246 1171 315 συμφέρει
1219 245 1483 299 οὐδέποτε
1530 245 1735 298 οὐδενί.
1784 245 1921 298 ὥστε

233 339 364 399 τοὺς
393 336 763 403 ἀδικοῦντας,
811 339 940 398 τοὺς
987 335 1326 403 άλογοῦντας
1370 344 1483 388 τῶν
1526 336 1737 401 νόμων,
1791 336 1921 396 τοὺς

233 424 490 477 ὁπωσοῦν
535 424 948 493 ἁμαρτάνοντας
993 422 1267 477 αἰτιατέον
1321 422 1433 477 ἐστὶ
1487 424 1578 476 καὶ
1633 421 1719 475 ἐπὶ
1773 424 1920 491 βῆμα

232 513 451 582 ἀκτέον,
504 512 724 581 ἑτέρους
771 510 831 566 δὲ
879 510 995 565 ἀντ’
1042 513 1227 565 αὐτῶν
1273 512 1541 578 οὐδαμῶς.
1590 513 1638 564 εἰ
1685 513 1789 580 γὰρ
1829 514 1919 579 μή,

231 603 334 655 δύο
381 603 446 655 τὰ
494 604 735 671 χείριστα
784 601 1050 654 ἐντεῦθεν
1097 602 1450 670 συμβήσεται·
1498 601 1609 654 οἵτε
1658 601 1761 670 γὰρ
1802 599 1920 652 ἀδι-

230 700 455 754 κοῦντες
511 690 592 745 ἀεὶ
649 693 709 744 τὸ
766 692 964 744 δοῦναι
1019 691 1180 759 δίκην
1234 688 1590 758 ἐκφεύξονται
1645 690 1703 742 οἵ
1751 687 1796 742 τ’
1847 683 1918 741 αὖ

230 779 483 843 ἐπιεικεῖς
522 781 612 833 καὶ
651 778 875 850 χρηστοὶ
916 780 981 832 τὰ
1021 789 1131 832 τῶν
1171 779 1413 832 ἀνοσίων
1442 781 1743 841 πείσονται,
1780 779 1918 831 ὥστε

229 872 360 937 μήτε
399 871 672 938 πονηρίαν
712 868 1014 932 ἐπιλείψειν
1053 870 1152 921 τὸν
1190 871 1317 937 βιόν
1356 868 1446 920 καὶ
1485 867 1684 935 ἀρετὴν
1723 868 1788 920 τὰ
1827 865 1918 935 μέ-

229 973 387 1025 γιστα
429 961 777 1025 ζημιοῦσθαι,
818 957 950 1026 ὅπερ
984 958 1052 1026 δὴ
1092 958 1182 1010 καὶ
1220 958 1424 1019 παντὸς
1462 960 1672 1026 μᾶλλον
1711 957 1917 1025 φυλάτ-

229 1053 423 1100 τεσθαι
455 1048 735 1116 προσήκει,
775 1047 866 1099 ἵνα
897 1047 970 1116 μὴ
1002 1052 1212 1099 θᾶττον
1244 1047 1356 1099 ἄνω
1389 1046 1530 1099 κάτω
1564 1045 1916 1115 τάνθρώπεια

229 1135 464 1203 γένηται.
512 1136 598 1189 22.
637 1138 689 1204 ἤ,
721 1136 858 1205 πρὸς
896 1141 1065 1202 θεῶν,
1106 1135 1338 1203 ἀρεστὸν
1378 1135 1526 1204 ὑμῖν,
1566 1140 1620 1188 εἴ
1652 1155 1735 1196 τις
1775 1135 1916 1204 ἱερό-

229 1229 396 1287 συλος
435 1225 467 1292 ἢ
515 1225 834 1292 λωποδύτης
875 1223 935 1276 έν
976 1227 1242 1295 Κορίνθῳ
1283 1223 1522 1292 ἐγένετο,
1563 1222 1778 1277 ἐκεῖνον
1815 1223 1916 1292 μὲν

228 1318 439 1382 χαίρειν
464 1312 578 1382 ἐᾶν,
603 1313 743 1381 ὑμᾶς
776 1310 835 1366 δὲ
868 1315 996 1376 τοὺς
1029 1314 1233 1375 ἄλλους
1265 1312 1379 1366 ἄντ’
1414 1312 1625 1365 ἐκείνου
1659 1312 1915 1379 εἰσάγειν,

227 1403 318 1454 ἵνα
357 1404 428 1471 μὴ
467 1405 642 1469 μόνον
681 1404 876 1455 ἄδικον
916 1396 949 1473 ᾖ
987 1403 1047 1455 τὸ
1087 1411 1323 1472 πρᾶγμα,
1370 1403 1508 1471 ,ἀλλὰ
1555 1400 1644 1454 καὶ
1695 1401 1915 1469 σφόδρα

227 1495 468 1559 γελοῖον;
510 1494 561 1544 εἰ
597 1493 700 1561 γὰρ
738 1494 1039 1559 Κορίνθιοι
1075 1489 1146 1544 δι’
1185 1490 1401 1545 ἐκεῖνον
1431 1492 1529 1544 τὸν
1567 1490 1664 1543 ἕνα
1705 1492 1915 1558 ἱερόσυ-

227 1584 313 1632 λοι
352 1581 567 1647 πάντες,
609 1582 693 1633 δεῖ
733 1580 794 1633 δὲ
832 1579 960 1633 καθ’
1007 1581 1149 1649 ὑμᾶς
1197 1583 1550 1648 μεταβαίνειν
1595 1581 1695 1648 τὴν
1733 1580 1915 1632 αἰτίαν

226 1669 327 1736 ἀεί,
369 1666 480 1721 εἷεν
519 1668 589 1721 ἂν
626 1677 870 1722 τοιοῦτοι
910 1667 1000 1722 καὶ
1041 1668 1271 1738 Ἀργεῖοι
1311 1667 1401 1722 καὶ
1447 1671 1498 1722 οἱ
1545 1671 1912 1737 πλησιόχωροι

226 1761 531 1820 Μαντινεῖς
568 1758 659 1810 καὶ
692 1758 750 1810 οἱ
778 1757 837 1810 ἐν
867 1756 1126 1826 Ἀθήναις
1156 1757 1309 1827 ἡμεῖς
1341 1757 1430 1811 καὶ
1463 1759 1662 1820 πάντες
1694 1758 1913 1826 ἄνθρω-

226 1866 346 1914 ποι,
400 1846 772 1909 καὶούδένες
825 1845 1156 1915 ἀνθρώπων.
1219 1846 1247 1900 ὁ
1303 1848 1406 1915 γὰρ
1464 1848 1752 1916 δεχόμενος
1812 1847 1914 1913 τὴν

225 1937 407 1988 αἰτίαν
447 1931 526 1987 ἐπ’
573 1937 744 1987 ἄλλον
784 1934 867 1988 ἀεὶ
905 1935 1257 2004 μεταπέμψει,
1297 1936 1329 2004 ἡ
1371 1933 1430 1988 δὲ
1471 1934 1745 2005 φερομένη
1787 1935 1913 1987 οὔτε

226 2024 303 2086 εἲς
355 2044 479 2076 τινα
533 2022 740 2090 ἑστήξει
793 2025 883 2077 καὶ
937 2024 1143 2086 πάντας
1206 2024 1575 2091 ἐπελεύσεται,
1638 2024 1709 2085 ὡς
1772 2017 1911 2075 εἶναι

226 2113 470 2181 ἀνάγκην
525 2112 897 2181 ἀποκριθῆναι
952 2114 1050 2165 τὸν
1109 2115 1277 2180 λόγον
1339 2115 1417 2175 εἰς
1478 2118 1714 2181 αἴνιγμα.
1778 2112 1913 2165 ἀλλὰ

224 2209 387 2254 τοῦτο
427 2201 776 2254 παντάπασιν
816 2202 1037 2254 ἄτοπον.
1081 2203 1288 2254 ἄτοπον
1329 2203 1506 2270 δήπου
1546 2200 1635 2254 καὶ
1674 2203 1734 2254 τὸ
1774 2202 1912 2270 ἡμᾶς

224 2291 438 2356 ἀσεβεῖς
486 2284 628 2342 εἶναι
675 2290 767 2342 διὰ
815 2290 1185 2351 Ποτιδαιάτας
1231 2291 1572 2358 ἠσεβηκότας.
1629 2293 1679 2343 εἰ
1723 2288 1771 2341 δ’
1823 2289 1911 2343 ἐπὶ

224 2378 393 2431 πλέον
439 2379 670 2447 βιάζετε,
719 2378 829 2450 ὁδςό
875 2381 1184 2447 προβαῖνον
1240 2379 1515 2432 ἐλεύσεται
1565 2380 1625 2431 τὸ
1673 2375 1911 2446 ἔγκλημα

224 2468 313 2519 καὶ
368 2465 455 2519 ἐπὶ
509 2469 640 2528 τοὺς
688 2468 1032 2535 Κορινθίους
1084 2466 1249 2534 ὑμᾶς,
1304 2469 1394 2521 καὶ
1445 2466 1911 2534 άντεγκαλέσομεν

223 2551 355 2622 τότ’,
403 2551 464 2607 εὗ
513 2561 649 2623 ἴστε,
697 2555 1077 2623 σφοδρότερον
1125 2555 1291 2608 οὐδὲν
1338 2556 1594 2618 ἀνιέντες.
1649 2555 1734 2608 23.
1786 2555 1901 2608 ἀλλ’

223 2643 323 2712 οὐχ
363 2643 506 2695 οὕτω
550 2645 635 2696 δεῖ
664 2645 888 2708 παίζειν.
929 2645 1220 2710 ἄνθρωποι
1257 2646 1360 2711 γὰρ
1398 2645 1598 2706 πάντες
1637 2637 1719 2706 οἷς
1760 2643 1909 2710 μέλει

344 2793 366 2831 1
401 2771 644 2843 ἀλδγίστῧν
659 2790 702 2831 V
816 2794 840 2831 9
867 2791 1036 2844 μᾶλλον
1061 2787 1225 2844 scripsi
1247 2801 1270 2831 e
1290 2789 1385 2832 LV
1441 2788 1635 2845 μάλιστα
1653 2788 1790 2832 Schm

226 2851 277 2889 11
312 2850 438 2890 θεῶν
463 2846 628 2902 scripsi
689 2850 806 2891 θεοῦ
825 2848 922 2892 LV
942 2847 1081 2890 Schm
1106 2847 1162 2891 cf.
1182 2847 1242 2890 ad
1258 2862 1304 2902 p.
1323 2851 1427 2901 60,1
1554 2852 1606 2891 17
1640 2845 1795 2890 αἰτίαν
1820 2845 1907 2900 ἀεί,

223 2905 389 2960 scripsi
421 2919 446 2949 e
472 2907 569 2949 LV
624 2904 794 2959 αἰτίαν,
827 2907 900 2950 ἀεὶ
933 2906 1072 2950 Sohm
1114 2907 1119 2963 Ι
1163 2904 1222 2950 ἂν
1255 2906 1428 2949 inserui
1461 2919 1485 2949 e
1510 2908 1607 2951 LV
1662 2921 1736 2950 om
1769 2905 1908 2949 Schm

227 2964 231 3021 Ι
269 2964 313 3007 οἱ
344 2964 468 3007 inser
491 2966 534 3008 L
596 2978 671 3007 om
705 2966 749 3008 V
