2010 3168
218 124 327 176 206
686 122 915 166 LIBANII
943 122 1336 167 DECLAMATIO
1368 121 1497 165 XVII

219 258 332 312 ἀλλ’
382 259 526 321 ὅπως
566 258 902 327 ἀκούσαιμεν
939 259 1000 311 τὸ
1039 261 1261 312 πολλῶν
1306 257 1658 328 ἐντιμότερον
1703 260 1919 328 χρημά--

218 368 354 415 των,
404 346 632 417 πατέρες
683 345 776 400 καὶ
828 355 1055 416 τροφεῖς
1108 355 1208 400 τοῦ
1263 346 1482 415 γένους,
1543 347 1632 400 καὶ
1687 346 1911 416 γένηται

218 446 333 499 τοῖς
371 445 621 504 ποιηταῖς
660 435 820 507 ᾅδειν
857 434 981 506 περὶ
1021 444 1134 488 τῶν
1165 435 1438 504 Ἀθηνῶν,
1479 435 1512 488 ἃ
1545 437 1612 503 δὴ
1643 435 1735 488 καὶ
1766 423 1913 506 ᾖσαν

219 528 483 593 ἔρεισμα
516 534 625 594 τῆς
649 523 954 587 Ἑλλάδος
985 525 1086 592 τὴν
1116 526 1279 578 πόλιν
1310 523 1647 586 καλέσαντες.
1687 524 1774 577 27.
1798 533 1915 578 ποῦ

174 616 412 668 ετοίνυν
465 612 711 684 ἔρεισμα,
771 623 886 676 πῶς
941 605 1063 667 οἷόν
1123 633 1182 666 τε
1234 611 1396 666 τοῦθ’
1453 613 1585 682 ἡμῖν
1647 609 1787 666 εἶναι
1845 614 1906 666 τὸ

218 705 506 772 πρόσρημα
545 703 605 756 τὸ
646 703 817 756 καλὸν
855 700 946 754 καὶ
983 702 1201 770 ὑψηλὸν
1246 701 1336 754 καὶ
1386 701 1665 770 στεφάνου
1704 702 1911 765 παντὸς

218 790 609 860 ἀκριβέστερον
647 792 920 861 κηρύττον
958 791 1060 858 τὴν
1099 789 1321 860 ἀρετήν,
1369 790 1501 843 ὅταν
1544 788 1604 843 ἐν
1643 800 1759 853 τοῖς
1797 799 1913 843 τῶν

220 881 489 947 Ελλήνων
526 889 714 942 κακοῖς
759 879 1113 948 ἡσυχάζωμεν
1158 877 1249 932 καὶ
1295 878 1751 949 παροινουμένων
1795 889 1911 932 τῶν

216 971 490 1037 μεγίστων
527 969 794 1036 παρόντες
830 976 1141 1037 σιωπῶμεν,
1183 967 1368 1030 οὐδεὶς
1398 968 1502 1036 γὰρ
1536 968 1608 1030 ὡς
1639 969 1911 1038 Αἰσχίνης

152 1079 195 1112 ιο
219 1057 471 1125 ἐσίγησεν
518 1055 634 1125 ἐρεῖ
685 1053 815 1109 οὐδὲ
869 1057 1113 1124 τοῦνομα
1167 1058 1380 1125 ζητήσει
1432 1063 1531 1109 τοῦ
1586 1059 1921 1126 πυλαγόρου,

218 1144 337 1199 οὐδ’
386 1144 446 1198 ἐν
485 1146 661 1217 τούτῳ
703 1147 889 1213 στήσει
926 1146 1028 1214 τὴν
1066 1144 1289 1215 μέμψιν,
1330 1141 1446 1198 ἀλλ’
1487 1144 1574 1198 ἐπὶ
1603 1146 1705 1214 τὴν
1740 1148 1913 1199 πόλιν

219 1234 428 1287 ἀνοίσει
468 1235 569 1302 τὴν
608 1242 707 1287 τοῦ
739 1233 1092 1303 πεμφθέντος
1123 1236 1337 1302 κακίαν,
1376 1235 1577 1303 ὥσπερ,
1617 1228 1784 1303 οἶμαι,
1816 1232 1906 1287 καὶ

216 1325 313 1386 τὰς
351 1332 462 1376 τῶν
508 1322 728 1391 ἀγαθόν
773 1343 826 1375 τι
871 1323 1185 1376 ποιούντων
1231 1323 1426 1392 ἀρετὰς
1469 1323 1659 1385 κοινὰς
1707 1322 1908 1392 ὀνομά-

220 1415 371 1476 ζουσι
409 1419 503 1480 τῆς
543 1414 778 1480 πόλεως,
826 1403 948 1465 οἷον
986 1410 1357 1481 τάριστείδου,
1404 1413 1470 1464 τὰ
1511 1413 1798 1479 Κόνωνος,
1841 1412 1909 1463 τὰ

152 1523 195 1555 15
223 1499 671 1569 Θεμιστοκλέους.
728 1501 938 1554 οὐκοῦν
983 1499 1075 1554 καὶ
1129 1507 1238 1554 νῦν
1290 1499 1571 1569 Ἀθηναῖοι
1624 1501 1910 1553 Φίλιππον

219 1589 455 1658 ὁρῶντες
494 1588 845 1659 ἀμφικτύονα
885 1591 1185 1657 γενόμενον
1222 1598 1508 1659 παρεῖσαν,
1549 1587 1907 1656 εἰσεδέξαντο,

218 1680 349 1740 τοὺς
389 1679 711 1746 εἰσάγοντας
751 1673 812 1730 εὖ
854 1689 1087 1748 φρονεῖν
1125 1679 1378 1746 ἡγοῦντο.

331 1768 415 1819 28.
478 1769 716 1835 Κοῦφον
786 1766 847 1819 δὲ
916 1765 1062 1835 λέγει
1141 1764 1233 1819 καὶ
1311 1767 1577 1834 οὐδεμίαν
1644 1763 1772 1834 ἕχον
1838 1773 1903 1835 τῇ

337 1918 365 1956 4
395 1911 529 1955 Pind.
554 1911 608 1955 fr.
637 1916 690 1955 76
718 1911 843 1956 Schr.
870 1911 927 1956 of.
952 1914 985 1956 t.
1010 1911 1053 1954 V
1078 1916 1148 1965 57,
1168 1916 1236 1956 15.
1269 1912 1404 1956 Isocr.
1431 1925 1493 1955 or.
1519 1911 1604 1955 XV
1629 1915 1653 1964 ξ
1673 1915 1770 1955 166.
1804 1910 1910 1953 Ari-

221 1971 326 2015 stid.
359 1971 389 2014 1.
415 1971 445 2016 1.
470 1986 514 2027 p.
541 1975 642 2026 319,
661 1976 686 2014 9
705 1970 745 2013 D
881 1975 907 2015 8
942 1971 999 2015 cf.
1024 1986 1069 2027 p.
1097 1976 1166 2025 27,
1186 1975 1224 2014 6.
1257 1970 1389 2015 Dem.
1413 1986 1457 2027 p.
1476 1974 1576 2025 403,
1595 1975 1620 2013 8
1760 1974 1814 2013 14
1840 1984 1910 2025 sq.

221 2030 278 2074 ef.
311 2046 356 2087 p.
385 2035 545 2086 158‚2,
580 2036 620 2085 7,
654 2035 730 2086 223
762 2032 796 2074 t.
822 2030 864 2073 V
890 2035 990 2086 106,
1010 2035 1062 2073 12

340 2169 362 2207 1
403 2170 495 2207 τῶν
520 2164 577 2207 Η
713 2167 738 2206 3
778 2158 899 2222 ᾖσαν
931 2162 1097 2219 scripsi
1134 2177 1240 2206 cum
1271 2162 1452 2206 Sinizeni
1526 2157 1645 2219 ἦσαν
1676 2162 1786 2205 libri
1816 2161 1908 2205 edd

339 2227 365 2265 4
411 2230 504 2266 ποῦ
551 2222 715 2279 scripsi
763 2236 819 2265 ex
854 2223 1007 2266 AthH
1048 2223 1096 2266 et
1142 2222 1327 2279 signum
1372 2221 1754 2278 interrogationis
1801 2223 1908 2276 post

220 2281 436 2356 ἔρεισμα
423 2281 767 2354 1nserui(colon
783 2282 853 2338 Η)
870 2282 925 2324 ut
948 2281 1055 2324 coni
1071 2281 1199 2337 Re<„
1202 2281 1380 2326 videtur
1401 2282 1467 2325 sic
1491 2282 1569 2338 leq.
1587 2288 1722 2324 τοῦτο
1745 2278 1908 2323 τοίνυν

220 2347 318 2390 πῶς
350 2337 451 2384 οἷόν
482 2338 531 2383 τέ
560 2338 679 2385 ποθ’
715 2341 827 2397 ἡμῖν
859 2337 980 2385 εἶναι
1013 2345 1098 2384 aut
1132 2342 1198 2384 sic
1234 2347 1326 2384 ποῦ
1365 2338 1525 2384 τοίνυν
1565 2339 1770 2394 ἔρεισμας
1810 2345 1912 2389 πῶς

222 2397 325 2444 οἶόν
348 2415 396 2443 τε
420 2397 557 2442 τοῦθ’
579 2399 703 2455 ἡμῖνι
707 2401 736 2456 ⁶)
797 2406 879 2444 τοῦ
902 2397 1063 2444 τοίνυν
1089 2399 1275 2455 ἔρεισμα
1298 2406 1395 2449 πῶς
1413 2400 1546 2443 ΡΜα
1563 2398 1653 2442 edd
1713 2404 1795 2441 τοῦ
1812 2395 1906 2440 τοί-

222 2475 309 2503 νυν
342 2456 605 2514 ἐρείσματος
635 2465 732 2509 πῶς
760 2457 922 2502 Iacobs
955 2458 1067 2501 Lect
1091 2462 1175 2501 213
1205 2458 1301 2501 Rev
1325 2462 1410 2501 426
1533 2463 1558 2501 5
1591 2456 1635 2500 οἱ
1661 2455 1790 2506 ὄντες
1814 2457 1907 2500 Ath

342 2521 366 2561 6
385 2516 718 2572 στέφανοςΑτῙι
810 2523 864 2562 10
890 2515 1128 2574 σεσίγηκεν
1140 2519 1228 2561 Ma
1321 2522 1373 2561 11
1394 2514 1497 2560 οὐδ’
1503 2513 1638 2574 ]ἀλλ’
1653 2517 1741 2559 Μα
1769 2517 1774 2571 Ι
1802 2512 1902 2558 ἀλλ’

223 2576 299 2620 ἐπὶ
316 2576 407 2620 Μα
430 2576 510 2619 sed
534 2573 576 2618 λ’
606 2592 626 2619 ε
649 2576 697 2618 in
722 2590 797 2619 ras
821 2576 890 2619 m²
1012 2581 1066 2620 13
1091 2577 1287 2631 ἀγαθῶν
1311 2574 1355 2619 τί
1372 2577 1430 2620 Η
1545 2579 1598 2617 14
1621 2574 1751 2629 τὰ(2)
1775 2588 1800 2618 e
1823 2580 1910 2617 τοῦ

223 2648 325 2678 corr
347 2637 392 2679 P
449 2634 506 2678 τὰ
537 2641 619 2678 τοῦ
645 2636 788 2679 ΗΜα
911 2639 964 2678 16
997 2634 1294 2692 ἀμφικτυόνα
1318 2636 1459 2679 AthP
1486 2634 1587 2677 Mol·
1635 2636 1640 2689 Ι
1690 2639 1909 2688 παρῆσαν

226 2695 314 2737 Μα
346 2695 393 2737 et
423 2692 614 2737 Weiske
646 2694 824 2749 hyperb
849 2694 890 2736 II
917 2698 970 2737 14
1014 2696 1019 2751 1
1065 2693 1351 2746 εἰσεδέξαντο
1383 2693 1485 2736 Mor
1516 2692 1597 2735 sed
1627 2710 1681 2749 γρ
1715 2689 1907 2747 εἰςενέγ-

223 2753 361 2804 ξαντο
393 2753 442 2796 in
469 2766 602 2810 marg
746 2758 798 2795 17
833 2753 1080 2808 εὐφρονεῖν
1105 2755 1150 2797 Ρ
1177 2752 1244 2795 Re
1387 2757 1440 2795 18
1473 2752 1623 2805 „locus
1653 2757 1906 2807 corruptus.

223 2825 334 2855 num
363 2813 428 2856 sic
459 2812 835 2856 concinnandas?
867 2819 1050 2867 κοῦφον
1082 2812 1132 2855 δὲ
1158 2813 1249 2867 (δεῖ
1278 2810 1364 2867 γὰρ
1390 2811 1537 2854 εἰπεῖν
1568 2811 1634 2854 vel
1666 2809 1910 2865 ὁμολογεῖν

222 2871 290 2913 vel
320 2873 479 2926 θῶμεν
511 2870 615 2926 γὰρ)
641 2871 720 2913 καὶ
754 2872 976 2926 οὐδεμίαν
1010 2871 1116 2928 ἕχον
1138 2876 1193 2926 τῇ
1217 2868 1345 2913 πόλει
1371 2868 1546 2942 βλάβην
1570 2869 1621 2911 τὸ
1645 2867 1905 2924 πεπραγμέ-

223 2945 309 2973 νον
340 2936 401 2974 est
435 2931 640 2984 obiectio,
681 2944 818 2985 qnam
854 2931 1008 2974 statim
1046 2930 1252 2983 refutant
1288 2930 1399 2982 ista,
1441 2926 1538 2971 ἀλλ’
1574 2927 1738 2978 ἄλλους
1776 2926 1914 2980 ἄλλα,
