2010 3168
218 72 325 125 114
677 69 905 115 LIBANII
933 70 1324 117 DECLAMA'I'IO
1354 71 1439 117 XV

213 214 414 262 Libanii
445 230 574 263 anno
610 216 750 262 1627
786 213 1060 261 confectam
1091 213 1142 260 in
1175 213 1279 261 eius
1310 213 1669 275 possessionem
1701 215 1906 278 venisse,

215 289 449 351 quoniam
480 289 605 336 duae
642 287 1025 335 declamationes
1066 287 1127 334 ab
1166 288 1256 335 illa
1288 287 1486 350 absunt,
1529 288 1785 350 probabile
1818 291 1904 338 est.

217 362 286 411 Of.
318 379 366 425 p.
396 364 498 411 189
518 378 589 425 sq.
637 362 778 409 Anno
814 361 954 409 1872
989 362 1174 423 partim
1206 361 1455 424 descripsi,
1486 364 1671 424 partim
1703 364 1902 411 contuli.

327 439 373 485 3.
412 437 727 485 Parisinus
768 453 838 500 gr.
875 436 978 483 583
1029 436 1315 484 chartaceus
1363 436 1547 484 saeculi
1584 437 1729 484 XVII
1768 453 1794 485 e
1833 438 1903 484 di·
1966 427 1972 431 ’

214 513 367 560 versis
406 510 631 574 partibus
678 510 1050 573 conglutinatus
1098 510 1218 558 olim
1257 510 1620 560 Baluzianus
1664 512 1735 559 fol
1769 512 1833 559 61
1878 528 1903 558 e

212 586 260 632 P
285 586 363 634 vel
395 586 543 633 huius
575 585 861 649 apographo
893 600 1069 646 parum
1113 584 1376 648 diligenter
1415 584 1688 646 descriptus
1728 602 1901 634 manu-

215 676 309 721 que
335 660 548 709 secunda
574 661 818 708 correctus
840 661 926 706 est.
959 658 1331 720 Aristophontis
1349 659 1642 709 declamatio
1667 660 1789 708 folio
1809 661 1903 708 69ν

212 734 374 782 verbis
404 732 496 783 οὐκ
527 732 624 782 ἔστι
662 732 804 782 κοινὰ
838 727 932 799 (=
957 749 1003 795 p.
1034 734 1153 794 168,
1173 726 1230 798 2)
1263 733 1464 795 desinit,
1499 732 1702 796 Cephali
1741 734 1899 782 decla-

211 810 366 856 matio
389 809 535 856 initio
560 810 703 870 priva
727 808 848 856 folio
870 809 937 856 70
961 807 1124 855 verbis
1148 814 1245 866 πᾶς
1270 804 1295 854 ὃ
1321 806 1477 871 δῆμος
1494 803 1588 874 (=
1605 825 1652 870 p.
1675 802 1900 874 118,14)

211 882 388 944 incipit
412 886 462 931 et
485 883 607 931 folio
627 884 723 931 80v
737 881 900 931 verbis
923 881 1116 929 ultimis
1143 879 1214 929 ὅτι
1240 879 1306 945 μὴ
1325 878 1378 929 δὲ
1395 879 1476 945 ἐμέ
1493 875 1587 948 (=
1605 899 1650 944 p.
1674 884 1793 944 145,
1807 876 1900 949 23)

211 957 406 1005 desinit.
438 957 563 1005 Vide
594 960 630 1004 t.
655 956 707 1004 II
738 973 785 1018 p.
811 958 915 1003 417
937 971 1007 1017 sq.
1034 958 1084 1003 et
1114 956 1245 1003 infra
1276 972 1322 1018 p.
1351 956 1470 1003 187.
1517 955 1636 1004 Post
1658 957 1763 1005 Em.
1789 957 1899 1004 Mil-

210 1031 370 1078 lerum
402 1025 597 1094 (Journ.
630 1031 712 1079 des
745 1030 936 1079 Savans
972 1030 1111 1078 1875
1145 1047 1192 1092 p.
1220 1032 1323 1078 222
1344 1028 1441 1097 sq.)
1474 1031 1764 1079 examinavi.

321 1106 415 1153 Ma
447 1108 499 1154 et
529 1105 575 1152 P
610 1106 674 1154 ad
713 1104 919 1153 eundem
959 1104 1166 1152 redeunt
1197 1105 1386 1153 fontem
1415 1106 1518 1152 iam
1549 1104 1693 1153 valde
1726 1105 1898 1168 depra-

210 1181 395 1227 vatum.
457 1180 646 1228 Neuter
683 1179 777 1227 fide
827 1180 1044 1241 excellit,
1082 1179 1176 1227 Ma
1212 1181 1380 1227 tamen
1419 1179 1569 1240 paulo
1609 1179 1898 1243 diligentius

209 1253 485 1316 descriptus
517 1257 592 1302 est
624 1270 773 1316 quam
804 1254 859 1301 P.

320 1328 623 1377 Testimonia
646 1344 807 1391 pauca
831 1331 959 1376 sunt.
999 1327 1202 1375 Praeter
1217 1344 1370 1375 unum
1394 1327 1557 1376 locum
1581 1329 1668 1389 qui
1691 1328 1780 1376 sub
1804 1330 1894 1376 Κε-

210 1401 373 1464 φάλου
389 1405 587 1451 nomine
610 1404 660 1450 in
689 1408 999 1470 συναγωγῇ
1025 1399 1196 1461 λέξεω
1210 1419 1235 1450 ν
1259 1401 1559 1466 χρησίμων
1583 1404 1745 1450 exstat
1760 1396 1895 1468 (vide

210 1493 359 1539 supra
383 1494 429 1539 p.
459 1472 589 1544 111)
615 1480 665 1524 et
689 1494 746 1525 ex
769 1477 863 1524 hac
891 1478 943 1524 in
978 1475 1158 1523 Suidae
1191 1479 1241 1524 et
1266 1477 1484 1524 Zonarae
1508 1476 1666 1524 lexica
1693 1477 1897 1526 transiit

207 1551 337 1599 solus
371 1551 623 1599 Ioannes
654 1551 698 1598 D
711 1567 858 1613 oxap
870 1550 989 1599 atri
1018 1544 1113 1616 (=
1131 1544 1330 1616 Doxap)
1362 1551 1415 1597 in
1447 1552 1799 1599 commentario
1834 1551 1895 1599 ad

204 1625 529 1690 Hermogenis
553 1623 662 1692 περὶ
693 1623 924 1690 εὑρέσεως
955 1625 1107 1685 libros
1139 1625 1263 1672 duos
1294 1625 1427 1673 locos
1453 1618 1524 1690 (p.
1553 1625 1673 1688 146,
1691 1626 1893 1687 2-13,

208 1700 327 1761 159,
356 1693 575 1764 9-11),
607 1700 844 1747 lexicon
875 1699 1367 1747 Darmstadiense
1409 1693 1493 1765 (cf.
1533 1701 1568 1747 t.
1593 1698 1645 1745 II
1685 1715 1731 1761 p.
1762 1693 1891 1765 118)

203 1790 355 1821 unum
388 1768 458 1840 (p.
487 1775 606 1835 120,
626 1767 794 1839 8-9)
828 1774 1014 1821 attulit.

314 1848 712 1896 Declamationes
753 1863 779 1895 e
812 1849 860 1895 P
894 1847 1165 1909 descriptas
1213 1863 1342 1895 anno
1394 1851 1419 1895 1
1430 1848 1534 1895 874
1580 1847 1632 1894 in
1678 1847 1892 1895 Hermae

201 1923 451 1970 volumine
483 1923 553 1969 IX
583 1939 630 1984 p.
659 1924 835 1970 22-7
846 1924 891 1982 1,
915 1921 1065 1969 verba
1096 1937 1213 1970 vero
1238 1937 1367 1983 quae
1393 1922 1453 1970 ab
1484 1922 1572 1969 illo
1597 1920 1804 1969 aberant
1835 1937 1892 1969 ex

203 1997 490 2059 apographo
523 1996 703 2045 codicis
735 1997 830 2044 Ma
861 2011 890 2043 a
925 1994 1100 2044 Carolo
1135 1994 1302 2043 Graux
1340 1997 1471 2044 facto
1515 1996 1763 2043 volumine
1795 1995 1891 2042 XII

201 2087 247 2132 p.
276 2073 304 2118 2
315 2074 339 2118 1
351 2073 378 2118 7
384 2073 526 2118 -22
537 2073 565 2118 2
601 2072 919 2132 correctaque
952 2084 976 2116 e
1009 2085 1116 2117 meo
1150 2071 1436 2133 apographo
1476 2070 1528 2117 in
1562 2065 1796 2117 ‘Oeuvres
1830 2069 1889 2116 de

203 2143 404 2192 Charles
424 2141 609 2192 Graux’
627 2147 662 2193 t.
681 2144 732 2192 Π
748 2161 794 2207 p.
816 2145 1104 2192 523—529
1132 2145 1322 2205 primus
1347 2143 1498 2206 edidi3
1524 2143 1889 2192 emendationes

201 2218 576 2280 Buecheleri,
634 2217 689 2266 O.
730 2217 958 2278 Heinii,
1012 2217 1303 2279 Hertlini,
1358 2219 1530 2267 Leon.
1578 2216 1888 2280 Spengelii

199 2307 434 2354 measque
465 2293 648 2340 ibidem
679 2292 867 2354 publici
905 2293 1027 2340 iuris
1068 2292 1162 2339 feci
1193 2293 1289 2339 vol.
1321 2292 1393 2340 IX
1423 2309 1468 2354 p.
1499 2294 1527 2341 3
1538 2292 1785 2339 73—381
1800 2327 1812 2351 ,
1843 2291 1887 2337 X

200 2383 246 2427 p.
276 2369 304 2414 7
310 2369 414 2414 -2
425 2371 469 2429 2,
502 2367 599 2414 XII
629 2384 676 2428 p.
706 2368 825 2415 500.
868 2365 1031 2414 Multa
1055 2367 1369 2428 sagacissime
1396 2367 1607 2414 correxit
1633 2363 1668 2412 G
1680 2364 1747 2412 ob
1759 2366 1886 2413 etus

199 2439 377 2487 Mnem.
411 2441 471 2488 N.
505 2440 551 2489 S.
584 2441 660 2488 III
691 2458 738 2503 p.
775 2441 950 2488 1-17
957 2476 970 2500 ,
1001 2440 1241 2487 nonnulla
1270 2440 1453 2488 litteris
1487 2440 1550 2487 ad
1579 2454 1657 2486 me
1690 2439 1887 2500 scriptis

198 2514 257 2560 A.
278 2512 481 2562 Gasda.
525 2514 619 2562 Sed
645 2515 723 2562 vel
747 2516 818 2562 sic
842 2514 1000 2562 multa
1023 2529 1225 2560 manum
1250 2516 1590 2562 correctricem
1613 2512 1884 2574 postulant.

312 2587 544 2635 Ordinem
578 2588 992 2636 declamationum
1034 2589 1237 2635 mutavi.
1301 2588 1432 2635 Nam
1472 2588 1643 2649 patent
1675 2585 1885 2648 vestigia

200 2661 376 2722 quibus
395 2662 699 2724 Aristophon
718 2662 923 2724 Cephali
938 2660 1089 2708 verba
1104 2663 1308 2722 respicit
1325 2655 1395 2727 (p.
1417 2663 1536 2722 147,
1549 2662 1640 2721 20,
1661 2662 1781 2719 148,
1795 2662 1884 2722 12,

203 2736 324 2797 149,
354 2736 443 2796 15,
479 2737 678 2797 154,6,
714 2737 832 2797 156,
860 2737 914 2796 6,
950 2736 1142 2795 167,8,
1182 2736 1300 2795 168,
1321 2737 1375 2797 2,
1404 2736 1522 2795 169,
1544 2735 1632 2795 16,
1662 2735 1883 2795 171,16,

204 2809 389 2869 175,3,
418 2811 646 2871 176,18,
675 2812 860 2871 177,1,
889 2811 1008 2868 179,
1023 2803 1345 2873 11,183,1),
1365 2812 1421 2856 ut
1445 2811 1494 2856 et
1518 2808 1739 2856 codicum
1763 2809 1883 2854 titu-

198 2882 275 2930 lus
292 2885 342 2930 et
357 2882 426 2931 Io.
438 2883 712 2945 Doxapatri
729 2884 949 2931 ordinem
966 2879 1196 2945 Κέφαλος
1219 2880 1301 2930 καὶ
1314 2878 1614 2947 Ἀριστοφῶν
1630 2880 1880 2942 praebent.
