2010 3168
384 123 611 170 MOROSI
640 124 722 168 DE
757 123 962 170 UXORE
994 123 1256 178 LOQUACI
1287 123 1571 178 QUERELA
1691 125 1799 179 509

110 266 319 327 Reyium
363 267 447 314 via
491 265 732 314 Iaeobaea
779 266 846 314 ad
889 267 1079 326 insiyne
1117 266 1303 314 Fontis,
1340 267 1415 314 M.
1448 266 1511 314 D.
1546 263 1801 315 XCVII.“

110 340 160 388 Is
191 339 599 388 declamationem
630 339 1009 402 imprimendam
1035 341 1230 388 curavit
1262 357 1286 387 e
1320 340 1485 389 codice
1509 340 1800 390 scholastico

112 415 215 463 eius
248 415 440 478 generis
471 413 522 460 in
554 430 652 476 quo
685 414 979 462 declamatio
1012 415 1210 462 nomine
1234 413 1433 462 Libanii
1456 415 1600 477 priva
1626 409 1799 480 erat.¹)

110 489 240 536 Nam
272 490 323 536 et
350 489 542 536 textum
581 503 812 552 graecum
851 488 1105 550 inscripsit
1137 482 1206 553 (p.
1244 482 1323 555 1):
1357 483 1648 551 Ἀνωνύμου
1679 487 1800 537 κατὰ

109 561 344 628 γυναικὸς
387 564 554 620 λαλιᾶς
599 565 650 611 et
694 562 972 611 versionem
1017 562 1227 610 latinam
1271 556 1342 629 (p.
1370 556 1450 629 3):
1496 564 1801 612 Declamatio

109 638 277 685 incerti
308 638 492 684 autoris
519 636 710 693 Graeci,
740 639 795 685 in
824 639 992 686 umoris
1023 638 1370 697 loquacitatem,
1402 639 1656 698 interprete
1681 638 1800 686 Fed.

109 711 316 759 Morello
339 711 498 759 Paris.
523 711 658 771 Prof.
683 711 800 772 Rey.
847 710 992 759 Hunc
1016 711 1234 759 codicem
1258 710 1541 759 Parisinum
1564 728 1636 775 gr.
1659 713 1798 760 1603

110 785 371 834 Francisco
394 784 420 831 I
452 785 514 832 ab
546 784 766 834 Antonio
798 785 1025 847 Eparcho
1058 785 1186 833 dono
1219 785 1408 846 datum,
1443 801 1587 848 quem
1618 803 1667 848 p.
1695 787 1800 835 504

110 859 201 908 sub
232 875 435 907 numero
470 861 535 908 66
572 860 742 921 attuli,
781 860 931 909 fuisse
974 861 1224 922 quispiam
1257 861 1533 908 coniecerit.
1594 859 1665 908 At
1696 861 1799 908 eius

109 934 343 982 lectiones
392 949 517 995 quae
565 934 688 981 mihi
735 933 796 981 ab
835 934 1051 983 Henrico
1090 929 1318 999 Lebegue
1367 935 1638 996 exscriptae
1685 937 1802 984 sunt

110 1008 463 1070 obloquuntur.
525 1008 835 1056 Probabilius
889 1011 964 1058 est
1002 1008 1263 1057 Morellum
1307 1024 1450 1056 usum
1492 1024 1594 1056 esse
1636 1008 1800 1057 codice

110 1083 444 1145 inscriptionis
478 1084 667 1144 experti
697 1083 842 1130 hodie
878 1082 1076 1145 quidem
1108 1082 1363 1145 deperdito
1403 1078 1487 1131 sed
1519 1083 1659 1131 cuius
1691 1098 1801 1131 cum

116 1155 173 1205 Ol
202 1156 511 1205 necessitudo
536 1173 561 1204 e
585 1156 879 1205 lectionibus
909 1159 1031 1219 ipsis
1058 1160 1278 1219 apparet.
1328 1156 1423 1206 Sed
1446 1158 1578 1205 inter
1601 1173 1799 1219 operam

111 1231 263 1279 etiam
294 1231 504 1294 Regium
537 1230 765 1279 adhibuit
797 1231 1028 1293 codicem,
1061 1233 1149 1294 qui
1180 1231 1226 1280 ei
1255 1247 1353 1280 non
1379 1231 1539 1280 solum
1562 1231 1801 1280 nonnulla

110 1307 274 1355 textus
299 1305 657 1368 supplementa,
678 1305 762 1355 sed
787 1305 940 1354 etiam
960 1305 1158 1354 Libanii
1180 1321 1359 1354 nomen
1382 1305 1668 1368 praebuisse
1694 1321 1802 1355 cen-

110 1379 289 1428 sendus
321 1381 408 1428 est.

221 1461 363 1510 Prius
397 1461 558 1510 elucet
588 1478 613 1509 e
646 1461 837 1510 duabus
861 1463 992 1510 notis
1024 1461 1383 1525 marginalibus
1415 1462 1656 1510 versionis
1688 1461 1800 1509 lati·

109 1551 202 1584 nae
233 1536 481 1598 posterius
508 1553 658 1599 quam
688 1538 853 1584 textus
876 1552 1084 1599 graecus
1107 1537 1375 1598 impressae
1400 1535 1486 1586 sed
1509 1536 1562 1584 in
1586 1536 1801 1584 editione

110 1612 432 1673 praemissae,
472 1626 684 1672 quarum
722 1612 860 1673 prior
897 1612 949 1658 in
987 1627 1101 1674 pag.
1140 1611 1205 1658 18
1245 1611 1367 1660 haec
1407 1613 1502 1659 est·
1543 1610 1641 1659 Hie
1671 1612 1803 1659 loeus

113 1684 297 1733 Graece
321 1679 453 1749 (pay
483 1687 565 1733 17.
590 1701 633 1732 v.
663 1680 719 1749 6)
743 1686 814 1733 ita
843 1686 1166 1733 restituendus
1198 1699 1254 1733 ex
1279 1699 1524 1734 manuscr.
1549 1684 1665 1745 Req.
1693 1685 1800 1733 bibl.

110 1756 169 1807 οὐ
201 1757 439 1825 ῥεύματος
475 1757 726 1826 προσβολὴ
766 1757 857 1823 τὴν
897 1757 1153 1823 σταφυλὴν
1191 1757 1484 1847 ἐξώγκωσεν.
1526 1755 1674 1807 οὐδὲν
1704 1764 1802 1807 τῶν

110 1829 497 1916 ἀφαιρουμένων
536 1831 588 1881 τὸ
628 1835 790 1881 λαλεῖν
829 1831 1203 1899 ἐγκατέσκηψεν
1243 1822 1281 1901 ᾧ
1307 1832 1478 1882 τοίνυν
1510 1831 1627 1896 μήτε
1659 1830 1802 1897 ἕξω“,

110 1907 270 1956 altera
307 1907 359 1954 in
398 1923 510 1972 pag.
539 1910 630 1956 22:
674 1908 843 1969 „Haec
883 1910 1026 1956 etiam
1065 1911 1205 1956 erant
1247 1909 1420 1956 mutila
1459 1911 1503 1956 et
1540 1912 1712 1956 trunca
1749 1909 1802 1955 in

112 1982 314 2030 editione
347 1981 576 2030 German.
592 1975 635 2048 ²)
660 1985 704 2030 et
731 1985 925 2030 nostra:
955 1997 1078 2042 qaae
1108 1984 1178 2030 sie
1200 1983 1389 2030 restitui
1418 1996 1506 2042 ope
1535 1997 1577 2029 υ.
1608 1980 1659 2030 0.
1684 1981 1800 2042 Rey.

110 2054 182 2114 τίς
213 2052 267 2104 δέ
298 2052 324 2104 ὅ
355 2055 515 2104 παίων
549 2055 726 2114 οἰκεῖος
765 2063 851 2120 τῆς
890 2054 1146 2121 γυναικός·
1190 2055 1337 2105 πάλιν
1371 2058 1541 2118 ψοφεῖ.
1583 2054 1717 2103 παίει
1749 2051 1801 2103 δὲ

110 2128 204 2189 τίς;
238 2128 417 2189 οἰκεῖος
447 2136 533 2193 τῆς
565 2128 817 2195 γυναικός·
853 2137 1043 2195 πτερῶν
1075 2127 1140 2189 ὡς
1171 2128 1343 2191 ἔοικεν,
1374 2127 1571 2193 ἐδέησεν
1602 2125 1665 2177 ἄν
1698 2141 1800 2193 μοι·

111 2202 453 2269 εἰσπράττομαι
476 2202 557 2252 καὶ
581 2203 756 2269 λόγους
779 2201 1080 2267 ἀπαιτοῦμαι
1102 2202 1212 2269 περὶ
1235 2211 1333 2253 τῶν
1355 2196 1800 2270 πεπραγμένων.“3)

112 2275 207 2334 Qui
238 2279 337 2325 fuit
358 2278 615 2327 Parisinus
639 2295 711 2342 gr.
739 2272 936 2344 30144)
961 2282 1011 2326 et
1033 2281 1138 2341 ipse
1163 2279 1315 2328 codex
1339 2279 1543 2326 alterius
1567 2277 1799 2326 familiae.

221 2359 452 2408 Alterum
484 2375 509 2406 e
540 2360 689 2408 titulo
722 2359 952 2409 editionis
985 2359 1318 2423 colligendum
1351 2362 1437 2409 est.

223 2441 329 2488 Iam
362 2456 471 2488 cum
500 2441 733 2490 Morellus
765 2441 1175 2490 declamationem
1204 2442 1384 2490 iterum
1418 2457 1547 2488 anno
1576 2441 1715 2489 1606
1748 2440 1802 2486 in

111 2517 246 2564 tomo
271 2515 430 2578 primo
455 2530 659 2577 operum
682 2514 879 2564 Libanii
905 2508 974 2582 (p.
995 2508 1311 2582 300—314)
1338 2515 1504 2563 ederet
1521 2509 1615 2582 (=
1632 2507 1801 2579 M0r2),

233 2710 275 2763 1)
308 2705 374 2751 Cf
402 2706 584 2751 codices
618 2707 703 2751 sub
727 2707 930 2751 numeris
956 2712 1065 2752 65—
1076 2711 1129 2750 67
1157 2721 1299 2764 supra
1324 2709 1383 2764 (p.
1404 2712 1489 2750 504
1507 2709 1591 2762 sq.)
1617 2705 1800 2750 allatos.

232 2769 274 2823 2)
308 2765 456 2819 Quam
481 2766 597 2810 dicit
621 2767 876 2811 editionem
901 2766 1193 2821 Germanam‚
1217 2766 1310 2810 fuit
1333 2765 1538 2824 Vigandi
1563 2765 1620 2808 de
1645 2763 1802 2808 Saltza

111 2825 276 2941 πῶς)
291 2825 508 2929 lffiigiade
540 2883 710 2940 quibus
741 2885 881 2928 verba
911 2883 1024 2928 fecit
1056 2886 1165 2928 sunt
1194 2900 1239 2941 p.
1266 2888 1368 2939 534,
1386 2889 1410 2927 9
1445 2885 1491 2927 et
1524 2887 1623 2937 541,
1642 2887 1681 2926 7.

231 2946 278 3001 4)
310 2943 376 2988 cf.
410 2956 550 3001 supra
579 2958 625 2999 p.
651 2947 736 2986 466
769 2946 818 2987 et
848 2945 880 2987 t.
906 2942 948 2986 II
978 2959 1023 3000 p.
1050 2947 1148 2987 380.
