2010 3168
549 119 616 163 IN
619 117 881 163 VECTIVA
911 117 976 161 IN
1006 117 1270 162 AESCHIN
1271 117 1359 160 EM
1687 117 1795 170 209

106 257 191 309 δεῖ
244 253 304 309 δὲ
357 254 448 309 καὶ
501 255 640 323 ἡμᾶς
691 262 799 307 νῦν
853 254 961 307 ὑπὸ
1025 261 1127 307 σοῦ
1190 261 1436 323 φανῆναι
1489 250 1663 321 μηδὲν
1717 255 1795 316 εἰς

104 352 267 397 τοῦτο
303 342 727 413 βεβλαμμένους.
773 341 892 396 ἀλλ’
940 343 1042 396 οὐκ
1074 341 1144 395 ἀν
1176 342 1388 396 δύναιο.
1430 342 1653 405 δικαίως
1689 343 1794 410 ἄρα

102 432 439 503 εἰσαγγέλλῃ.
515 463 519 470 -
1804 507 1806 509 ¹

213 521 297 575 32.
341 521 483 591 Φέρε
524 522 592 590 δὴ
631 520 722 574 καὶ
765 522 948 574 αὐτῶν
980 516 1060 574 ὧν
1092 519 1258 574 οὐδέν
1290 534 1466 589 φησιν
1497 521 1791 590 εἰργάσθαι

101 619 284 663 κακῶν
320 621 488 664 πᾶσιν
529 611 700 663 αὐτὸν
742 609 1070 680 ἐνεχόμενον
1109 607 1386 678 δείξωμεν.
1838 633 1857 665 5

196 697 312 752 Ὅτι
351 696 454 766 μὲν
492 695 596 752 οὖν
634 698 725 752 καὶ
766 703 940 769 χωρία
979 697 1069 752 καὶ
1108 701 1297 761 πόλεις
1334 697 1425 751 καὶ
1465 698 1668 768 ὅρμους
1699 697 1789 752 καὶ

98 790 340 857 χρήματα
379 789 470 841 καὶ
511 789 890 857 αἰχμαλώτους
920 786 1011 841 καὶ
1044 787 1220 841 πολλὰ
1252 786 1409 858 ἕτερα
1441 788 1791 856 προειληφὼς

96 884 190 945 τῆς
243 879 451 940 πόλεως
506 879 778 940 Φίλιππος
839 879 918 940 εἰς
981 874 1142 929 τοῦθ’
1195 872 1328 945 ἧκεν
1385 875 1597 946 ὕβρεως
1650 877 1790 930 ὥστε

95 964 183 1018 καὶ
245 968 486 1035 τριήρεις
539 966 645 1019 ἀπὸ
703 973 808 1019 ’τοῦ
861 969 1221 1035 Μαραθῶνος
1271 964 1550 1034 ἀφέλκειν,
1605 965 1789 1028 οὐδεὶς

95 1053 283 1122 ἀγνοεῖ
321 1065 432 1108 τῶν
469 1055 707 1108 πάντων·
749 1055 834 1108 ὅτι
867 1051 928 1108 δὲ
958 1061 1033 1127 τῷ
1065 1063 1354 1123 μετασχεῖν
1384 1062 1479 1123 τῆς
1519 1053 1788 1123 ἀμφικτυ-
1814 1081 1855 1111 ιο

94 1146 249 1206 ονιάς
286 1139 453 1212 ἧττον
492 1144 562 1197 ἂν
614 1142 719 1216 ἐῴη
760 1141 887 1197 καθ’
936 1142 1136 1197 ἑαυτοῦ
1182 1148 1463 1197 κινεῖσθαι
1509 1145 1640 1207 τοὺς
1663 1143 1786 1197 ‘'Ez-

92 1235 259 1300 ληνας
298 1234 493 1302 παρών
531 1253 588 1286 τε
627 1235 718 1286 καὶ
750 1235 1172 1302 συνκαθήμενος
1201 1233 1291 1285 καὶ
1323 1234 1389 1285 τὰ
1420 1229 1522 1302 μὲν
1551 1235 1786 1302 πείθων,

91 1323 157 1374 τὰ
196 1319 255 1374 δὲ
289 1321 547 1390 ἀπειλῶν,
587 1323 652 1375 τὰ
684 1319 744 1375 δὲ
777 1321 1096 1390 ἀντιλέγων,
1134 1323 1202 1375 τὰ
1234 1319 1294 1375 δὲ
1326 1322 1785 1391 ὑπισχνούμενος,

91 1411 223 1464 οὐδὲ
262 1419 425 1464 τοῦτο
467 1411 966 1481 ἀμφισβητήσιμον.
1019 1411 1104 1464 33.
1145 1410 1174 1464 ὁ
1212 1413 1408 1464 τοίνυν
1447 1405 1528 1463 ὧν
1566 1410 1636 1464 ἀν
1676 1409 1784 1475 ἐξέ-

89 1513 280 1568 πεσεν,
330 1503 380 1553 ει’
424 1503 497 1569 μὴ
546 1507 645 1554 τοῦ
693 1503 1011 1553 τελευταίου
1061 1503 1367 1570 τετυχήκει,
1419 1498 1582 1553 ταῦθ’
1638 1499 1783 1563 ὅπως
1808 1524 1848 1557 15

89 1588 235 1661 αὑτῷ
283 1588 478 1658 βέβαια
540 1598 692 1657 μενεῖ
752 1590 1174 1658 παρασκευάσας
1227 1598 1342 1652 πῶς
1402 1588 1504 1642 οὐκ
1565 1587 1636 1642 ἂν
1698 1595 1781 1657 εἰή

86 1679 263 1731 πολλὰ
302 1680 475 1747 χωρία
520 1677 610 1732 καὶ
657 1680 898 1741 πολλοὺς
945 1677 1086 1746 ἡμᾶς
1131 1676 1510 1749 ἀπεστερηκὼς
1553 1681 1781 1744 τόπους;

86 1764 176 1819 καὶ
231 1767 336 1837 γὰρ
391 1765 573 1820 ἐκεῖνα
627 1766 890 1835 νομίζοιτ’
948 1767 1018 1821 ἂν
1072 1769 1294 1830 εἰκότως
1355 1766 1653 1821 δεδωκέναι
1714 1769 1781 1821 τὰ

83 1856 422 1921 μεταστάντα
462 1854 532 1908 ἂν
571 1856 644 1919 ὡς
700 1853 707 1927 Ι
764 1856 905 1926 ὑμᾶς
945 1856 1035 1910 καὶ
1074 1857 1232 1926 ὑμῶν
1272 1856 1598 1927 ἀφῃρῆσθαι
1644 1862 1765 1907 RIH
1782 1868 1868 1907 410

205 1975 228 2014 ’1
253 1971 384 2015 Dem.
408 1987 453 2028 p.
472 1976 610 2027 49‚26
628 1987 695 2028 sq.
818 1977 843 2016 9
869 1973 928 2018 cf.
945 1975 977 2017 t.
995 1973 1059 2017 IV
1076 1977 1243 2027 821,ss
1257 1973 1310 2016 R.
1345 1973 1475 2018 Dem.
1493 1988 1537 2030 p.
1557 1978 1694 2028 49,29
1710 1989 1775 2030 sq.

204 2079 229 2117 2
263 2075 347 2118 οὐκ
380 2073 440 2118 ἂν
472 2075 658 2134 δύναιο]
702 2078 910 2131 „videtwr
946 2078 1020 2122 hic
1057 2075 1253 2133 κέρδους
1290 2075 1552 2134 ἀπέχεσθαι
1589 2079 1658 2122 vel
1688 2080 1779 2122 tale

85 2133 196 2188 quid
226 2133 399 2178 deesse“
432 2134 499 2178 Re
645 2140 670 2179 3
710 2134 987 2194 εἰσαγγέλλει
1012 2137 1071 2180 H
1207 2141 1232 2180 5
1278 2135 1425 2180 κακὸν
1450 2136 1586 2181 ΡΜα
1617 2136 1719 2181 Mor
1768 2138 1773 2194 Ι

85 2191 359 2251 ἐνεχόμενον
399 2193 563 2249 scripsi
604 2208 659 2237 ex
683 2195 942 2248 AthHMa,
983 2198 1036 2239 ut
1074 2195 1179 2238 coni
1213 2195 1283 2239 Re
1359 2193 1579 2253 ἐχόμενον
1604 2196 1649 2239 Ρ
1684 2197 1776 2241 odd

203 2256 227 2294 6
259 2249 415 2303 πόλεις
437 2253 518 2296 καὶ
540 2251 685 2310 χωρία
712 2256 802 2299 Μα
924 2259 946 2298 7
979 2255 1273 2311 προειληφὼς
1304 2254 1470 2311 scripsi
1493 2256 1682 2299 auctore
1706 2255 1774 2300 Re

82 2311 308 2366 (,‚videtur
339 2313 417 2370 leq.
450 2314 743 2368 προειληφὼς
785 2311 1012 2364 Φίλιππος
1050 2313 1116 2365 εἰς
1152 2313 1296 2357 τοῦθ’
1331 2319 1412 2358 aut
1442 2314 1484 2358 si
1521 2312 1774 2371 προείληφε

84 2375 254 2425 manet,
286 2385 375 2427 pro
417 2369 467 2420 ὃς
505 2372 664 2415 malim
694 2373 820 2428 καὶ“>
895 2371 1147 2429 προείληφε
1180 2371 1484 2429 (προείληφεν
1511 2375 1624 2429 Μα)
1665 2373 1773 2418 libri

82 2428 174 2471 edd
296 2433 322 2473 8
356 2426 426 2480 οἷς
450 2432 558 2473 ante
585 2430 649 2481 εἰς
665 2431 720 2474 Η
778 2429 848 2483 οἷς
870 2431 922 2484 ὃς
945 2434 1039 2477 Ath
1101 2430 1152 2482 ὃς
1176 2433 1310 2476 ΡΜα
1334 2433 1425 2476 edd
1487 2432 1640 2477 delevi
1665 2447 1772 2477 auc-

80 2490 180 2531 tore
204 2487 271 2531 Re
416 2493 441 2532 9
485 2488 696 2544 ἐφέλκειν
722 2492 922 2536 AthPH
951 2491 1054 2535 Mor
1197 2495 1252 2535 10
1291 2491 1343 2535 τὸ
1369 2492 1510 2536 AthP
1530 2491 1631 2536 Mor

83 2551 135 2589 11
169 2544 340 2603 ἥττονα
366 2555 505 2592 νεῶν·
531 2546 558 2603 ἢ
585 2550 729 2594 ΗΜα
756 2551 761 2607 Ι
790 2551 935 2595 αὑτοῦ
961 2552 1047 2594 Μα
1107 2551 1253 2594 αὐτοῦ
1277 2552 1335 2595 H
1451 2555 1506 2594 14
1529 2549 1657 2595 τοῦτ’
1684 2553 1730 2596 Ρ
1762 2553 1766 2610 Ι

80 2602 241 2650 τοίνυν
273 2602 338 2651 ὧν
369 2607 471 2651 Μοι·
502 2607 584 2651 scd
617 2606 671 2651 ἴσ.
705 2607 912 2654 ὡντίνων
936 2606 1022 2655 οὖν
1045 2609 1094 2653 in
1118 2623 1253 2666 marg
1280 2610 1285 2667 Ι
1314 2607 1374 2654 ἂν
1407 2623 1482 2653 om
1507 2611 1652 2654 HMa

84 2668 137 2707 16
171 2666 294 2724 αὑτῷ
319 2666 485 2722 scripsi
546 2666 671 2726 αὐτῷ
694 2667 804 2712 libri
835 2669 926 2713 edd
954 2671 961 2726 Ι
988 2675 1116 2725 μενεῖ
1147 2669 1313 2724 scripsi
1374 2668 1507 2725 μένοι
1535 2669 1646 2712 libri
1678 2670 1770 2713 edd

201 2729 252 2767 17
278 2723 399 2798 ὑμᾶς
415 2727 473 2770 Η
587 2730 644 2799 38
670 2726 824 2771 ἐκεῖνα
841 2728 909 2772 Re
970 2725 1131 2773 ἐκείνω
1151 2727 1293 2771 ΗΜα
1353 2729 1656 2772 ἐκεῖνοΑτῙιΡ
1668 2729 1771 2773 Mor

200 2816 253 2855 19
286 2800 407 2869 ἧμᾶς
430 2814 476 2857 Ρ
521 2817 527 2870 Ι
576 2800 706 2873 ἥμῶν
730 2817 777 2859 Ρ
821 2818 827 2872 Ι
877 2817 1157 2874 ἀφῃρῆσθαι
1188 2815 1353 2872 scripsi
1414 2816 1634 2872 ἀφῆσθαι
1658 2818 1716 2861 H

78 2868 310 2923 ἀφεῖσθαι
334 2873 561 2917 AthPMa
599 2874 690 2919 edd
723 2875 803 2918 sed
837 2876 1022 2929 „malim
1058 2880 1140 2919 aut
1171 2873 1433 2931 ἀφελέσθαι
1473 2881 1554 2919 aut
1585 2877 1768 2934 ἀφῃρῆ-

79 2930 197 2971 σθαι
227 2929 504 2975 abstulisse“
535 2932 604 2977 Re

167 3009 363 3043 mems
388 3012 699 3046 ed.Foerster.
724 3015 789 3046 VI.
1356 3012 1411 3051 14
