2010 3168
733 124 992 171 CEPHALI
1021 123 1244 170 ORATIO
1725 123 1750 175 1
1763 125 1790 176 1
1800 124 1827 176 1

141 268 242 317 iam
266 268 478 331 pristina
503 270 666 316 aetate
692 283 717 314 e
742 263 984 330 ‘corpore’
1002 265 1420 315 declamationum
1443 265 1831 313 Libanianarum

143 343 342 391 avulsae
373 343 668 403 tantumque
701 342 873 405 ecloga
905 357 1073 389 earum
1106 343 1328 389 servatae
1353 340 1666 402 paucissimis
1700 339 1831 387 codi-

141 417 279 465 cibus
311 416 375 464 ad
404 418 626 464 nostram
657 419 872 464 aetatem
902 417 1244 478 pervenerunt.

141 571 472 617 καταστάσεσιν
519 571 658 628 ἴδιον)
706 572 1004 616 examinandi
1050 571 1146 615 alia
1192 571 1434 615 occasione
1484 573 1605 615 utar.
1666 570 1831 625 Neque

140 633 283 676 testes
307 631 610 676 vetustissimi
635 631 882 675 Libanium
908 631 1305 677 declamationum
1330 633 1566 674 auctorem
1591 644 1678 674 nov
1683 631 1831 674 erunt.

142 690 231 743 Qui
263 694 371 735 sunt
412 693 576 735 auctor
614 691 799 748 glossae
840 689 1043 747 ἐπιτιμία
1081 704 1201 747 quae
1240 691 1430 747 irrepsit
1470 690 1520 733 in
1560 688 1833 746 συναγωγὴν

139 750 304 804 λέξεων
328 749 574 808 χρησίμων,
601 764 625 794 e
650 765 743 806 qua
768 750 936 795 Suidas
961 753 1009 794 et
1033 750 1234 794 Zonaras
1261 765 1295 794 s.
1313 765 1354 793 v.
1381 747 1587 806 ἐπιτιμία
1612 749 1833 806 pendent,

141 808 345 867 Cephalo
375 810 550 854 rhetori
581 810 793 854 tribuens
824 810 967 854 verba
998 823 1118 866 quae
1144 812 1253 853 sunt
1278 809 1634 853 declamationis
1665 807 1832 865 prioris

139 884 184 926 Ρ.
214 875 312 924 116,
332 874 387 914 15
406 884 459 925 sq
505 868 722 925 Κέφαλος
753 866 923 925 ρήτωρ·
958 868 1156 919 ὁσάκις
1195 870 1369 913 αὐτὸν
1410 868 1832 913 κινδυνεύοντα

139 929 266 985 περὶ
304 935 399 985 τῆς
440 927 727 990 ἐπιτιμίας
759 928 786 985 ὴ
818 935 913 985 τῆς
955 927 1231 984 πατρίδος
1262 926 1290 984 ἢ
1322 935 1418 972 τοῦ
1456 926 1582 986 βίου
1621 927 1834 977 παντὸς

141 990 468 1042 διεσώσατε,
514 986 820 1044 (Bachmanni
860 989 1034 1033 Anecd
1059 988 1141 1045 Ip
1186 993 1286 1043 233,
1306 993 1353 1042 93
1392 1002 1636 1044 perperam
1669 988 1833 1030 Went-

141 1048 284 1092 zelius
315 1048 415 1092 Rel.
435 1048 565 1092 acad.
591 1048 740 1092 Berol.
769 1052 898 1101 1895,
922 1053 1007 1092 479
1041 1048 1100 1091 de
1110 1004 1299 1106 pglossis
1332 1048 1393 1091 ad
1425 1047 1533 1104 Cep
1544 1046 1833 1090 halionem

141 1108 326 1164 scriptis
360 1108 601 1165 cogitavit)
642 1110 690 1151 et
721 1107 943 1163 Syrianus
976 1107 1263 1164 Sopaterque
1294 1107 1600 1163 Hermogenis
1634 1105 1833 1150 scholia-

140 1169 240 1211 stae
265 1167 346 1223 qui
371 1167 734 1212 declamationes
759 1169 999 1223 noverunt,
1030 1170 1242 1211 auctores
1266 1181 1359 1211 non
1383 1167 1497 1211 item
1523 1166 1589 1223 (in
1612 1165 1830 1239 Heimog.

142 1226 199 1270 de
240 1229 349 1270 stat.
383 1227 454 1271 ed.
487 1226 621 1270 Walz
660 1228 694 1271 t.
718 1226 783 1271 IV
817 1242 861 1284 p.
889 1231 990 1282 228,
1009 1231 1033 1271 9
1073 1224 1214 1283 νόμος
1251 1226 1335 1270 τὸν
1372 1229 1521 1276 καλῶς
1561 1229 1832 1270 πολιτευσα-

141 1302 285 1342 μενον
318 1286 500 1341 δωρεὰν
531 1285 675 1361 vtae&-
692 1292 775 1342 τῆς
795 1288 972 1338 πόλεως
995 1284 1232 1344 δέχεσθαι.
1261 1284 1541 1342 Ἀριστοφῶν
1567 1286 1648 1329 καὶ
1672 1284 1832 1341 Κέφα-

143 1348 221 1397 λος
251 1346 593 1404 ἀμφισβητοῦσι
623 1363 703 1401 της
734 1349 924 1400 δωρεᾶς.
964 1361 994 1402 p
1035 1351 1136 1401 567,
1155 1350 1207 1389 21
1236 1347 1291 1390 οὐ
1323 1343 1468 1402 μόνον
1493 1345 1544 1390 δὲ
1570 1345 1619 1389 ἐκ
1650 1343 1832 1389 λείπον-

139 1421 218 1456 τος
248 1407 327 1449 καὶ
353 1403 684 1462 πεπραγμένου
710 1404 1032 1462 συνέστηκεν
1011 1422 1035 1449 ο
1061 1404 1180 1450 κατὰ
1205 1403 1588 1478 ἀμφισβήτησιν
1572 1403 1691 1460 όρος,
1718 1403 1832 1447 ἀλλὰ

140 1465 220 1508 καὶ
252 1466 302 1509 ἐκ
333 1463 660 1522 πεπραγμένου
693 1465 852 1520 μόνον,
886 1465 946 1515 ὡς
978 1464 1052 1508 ἐπὶ
1075 1472 1158 1509 τοῦ
1183 1464 1403 1522 Κεφάλου
1428 1465 1508 1508 καὶ
1531 1461 1832 1519 Ἀριστοφῶν-

139 1540 219 1575 τος
256 1531 348 1627 τῶέν
389 1524 805 1582 ἀμφισβητούντων
836 1532 918 1568 τοῦ
957 1526 1102 1568 καλου
1126 1523 1231 1600 βίου
1262 1526 1353 1568 κτλ.
1400 1539 1445 1581 p.
1474 1527 1573 1579 705,
1591 1528 1647 1566 23
1687 1526 1831 1567 καλοῦ

141 1582 245 1658 Bt'pv
279 1582 422 1640 γέρως
453 1585 795 1642 ἀμφισβητοῦσι
826 1582 1040 1639 Κέφαλος
1064 1584 1144 1628 καὶ
1174 1581 1465 1640 Ἀριστοφῶν.
1501 1583 1713 1628 ἐνταῦθα
1743 1582 1831 1638 γὰρ

143 1643 297 1686 αὐτῶν
331 1643 486 1694 οὗδεις
516 1643 600 1700 μὲν
638 1643 867 1700 ἀντιλέγει
904 1647 966 1702 τῷ
1007 1641 1156 1703 νόμῳ,
1195 1644 1301 1699 περὶ
1340 1643 1391 1687 δὲ
1431 1643 1483 1687 τὸ
1522 1650 1713 1717 πρᾶγμα
1748 1643 1832 1698 ἀμ-

142 1703 416 1760 φισβητοῦσι
459 1701 528 1754 τίς
567 1702 762 1758 ἄμεινον
803 1690 1023 1776 βεβίωκεν
1062 1705 1153 1747 κτλ.
1205 1708 1304 1758 721,
1324 1708 1378 1746 22
1412 1704 1467 1747 οὐ
1498 1701 1583 1760 χρὴ
1623 1703 1705 1746 τὸν
1745 1702 1830 1757 ἀμ-

141 1762 456 1819 φισβητοῦντα
502 1762 686 1836 ψέγειν,
736 1762 850 1807 ἀλλὰ
895 1762 1116 1808 κάκεῖνον
1162 1761 1247 1819 μὲν
1294 1764 1526 1817 ἐπαινεῖν,
1574 1761 1740 1806 ἑαυτὸν
1779 1760 1832 1806 δὲ

141 1823 313 1876 μᾶλλον
345 1819 630 1876 προκρίνειν,
663 1823 725 1872 ὡς
756 1821 832 1866 ἐπὶ
862 1822 1084 1878 Κεφάλου
1125 1823 1204 1866 καὶ
1228 1820 1607 1877 Ἀριστοφῶντος,
1647 1821 1692 1865 οἳ
1726 1821 1831 1876 περὶ

139 1887 222 1923 τοῦ
255 1880 397 1937 γέρως
428 1882 811 1940 ἀμφισβητοῦσιν.
858 1881 921 1925 Io.
956 1882 1134 1938 Doxap.
1169 1882 1230 1925 ad
1260 1881 1477 1938 Hermog.
1505 1882 1563 1925 de
1595 1882 1703 1924 stat.
1729 1880 1830 1924 cod.

141 1938 340 1984 Vindob.
374 1940 489 1996 phil.
523 1954 675 1996 graec.
702 1940 865 1984 CXXX
895 1941 976 1985 fol.
1004 1945 1088 1985 104
1120 1941 1200 1985 καὶ
1231 1940 1373 1985 πάλιν
1406 1939 1552 1997 νόμου
1585 1939 1720 1990 ὄντος
1748 1940 1831 1984 τὸν

141 2002 289 2050 καλῶς
327 2000 581 2057 βεβιωκότα
619 1998 758 2057 γέρας
799 2002 959 2058 λαβεῖν
991 2000 1208 2056 Κέφαλος
1246 2001 1326 2044 καὶ
1354 1999 1656 2055 Ἀριστοφῶν,
1691 2000 1715 2043 ὁ
1747 2016 1830 2056 μεν

140 2058 311 2110 πολλὰς
341 2058 529 2115 γραφὰς
559 2060 756 2116 γραφεὶς
786 2060 866 2103 καὶ
899 2060 950 2105 ἐν
980 2061 1182 2120 μηδεμιᾷ
1215 2059 1358 2110 ἀλους
1382 2057 1688 2115 Ἀριστοφῶν,
1721 2058 1744 2102 ὁ
1779 2058 1831 2103 δὲ

141 2117 201 2173 μὴ
234 2116 358 2170 απαξ
383 2119 579 2175 γραφεὶς
604 2117 628 2162 ὁ
655 2118 871 2174 Κέφαλος
894 2106 1237 2177 ἀμφισβητοῦσι
1261 2126 1343 2162 τοῦ
1369 2118 1523 2175 γέρως.
1564 2119 1627 2162 ib.
1646 2117 1724 2162 fol.
1746 2123 1829 2162 109

140 2179 282 2220 καλοῦ
315 2176 420 2235 βίου
452 2176 590 2234 γέρας
619 2177 888 2232 προῦκειτο·
924 2179 1294 2252 ἀμφισβητοῦσιν
1320 2176 1599 2234 Ἀριστοφῶν
1630 2178 1708 2222 καὶ
1742 2176 1830 2222 Κέ-

142 2239 301 2291 φαλος,
336 2237 360 2281 ὁ
392 2237 475 2293 μὲν
507 2236 735 2294 μηδέποτε
767 2242 1122 2295 κατηγορηθεις,
1154 2237 1178 2282 ὁ
1212 2237 1263 2281 δὲ
1296 2236 1615 2296 ἑβδομήκοντα
1646 2236 1831 2295 γραφὰς

143 2296 305 2351 φυγὼν
344 2296 425 2340 καὶ
466 2295 669 2351 νικήσας.
722 2295 783 2340 ib.
813 2301 924 2340 113v
957 2299 1002 2340 et
1029 2302 1126 2342 114.
1160 2296 1311 2341 Tzetz.
1338 2297 1446 2340 hist.
1471 2296 1513 2339 V
1539 2301 1624 2340 996
1642 2311 1709 2352 sq.
1747 2296 1831 2339 Ni-

142 2355 271 2410 ceph.
305 2354 562 2411 Blemmyd.
597 2370 659 2400 or.
695 2354 861 2400 ὁποῐον
900 2357 974 2400 δεῖ
1010 2353 1133 2401 εἶναι
1171 2356 1253 2401 τὸν
1292 2354 1483 2414 βασιλέα
1521 2356 1617 2399 Mai
1650 2356 1828 2412 scriptt.

139 2417 228 2457 vet.
262 2427 365 2458 nov.
398 2414 503 2458 coll.
530 2414 572 2457 II
602 2430 646 2472 p.
673 2419 758 2459 643
791 2417 839 2459 et
871 2420 970 2459 670.
1012 2416 1233 2471 anonymi
1266 2415 1409 2460 schol.
1442 2415 1491 2458 in
1522 2415 1737 2488 Hei-mog.
1773 2415 1829 2458 de

141 2472 231 2517 inv.
258 2473 319 2517 IV
346 2478 400 2516 14
432 2475 464 2517 t.
490 2473 575 2516 VH
599 2489 643 2530 p.
670 2478 771 2528 860,
790 2479 844 2517 23
871 2475 943 2518 ed.
968 2474 1102 2519 Walz
1130 2473 1179 2519 Ο
1204 2472 1420 2530 Κέφαλος
1442 2475 1522 2518 καὶ
1550 2472 1831 2531 Ἀριστοφῶν

142 2528 350 2588 ρήτορες·
382 2533 559 2576 τούτων
593 2533 808 2589 ἑκάτερος
844 2533 1019 2591 τὸμὲν
1058 2535 1231 2578 οἰκεῖον
1271 2534 1364 2579 ἀπὸ
1403 2541 1495 2578 τῶν
1536 2533 1831 2590 ἐγκωμιαστι-

142 2599 237 2635 κῶν
269 2590 453 2636 ἐπαινεῖ
480 2590 651 2647 τόπων,
681 2593 733 2637 τὸ
767 2591 819 2637 δὲ
848 2600 931 2637 τοῦ
935 2551 1121 2648 μἑτέρου
1153 2594 1247 2637 ἀπὸ
1279 2600 1361 2637 τοῦ
1392 2591 1548 2650 ψόγου
1579 2592 1830 2651 διαβάλλει,

141 2647 407 2706 κρινόμενοι
431 2650 647 2707 δηλονότι
678 2652 783 2707 περὶ
813 2655 958 2696 καλοῦ
983 2651 1089 2710 βίου
1121 2651 1264 2709 γέρως
1299 2653 1379 2696 καὶ
1410 2652 1516 2707 περὶ
1546 2652 1714 2697 τούτου
1745 2653 1830 2707 ἀμ-

143 2723 226 2763 φισ
258 2717 475 2765 ητοῦντες
506 2710 716 2766 ἀλλήλοις
754 2711 834 2755 καὶ
872 2711 1239 2768 δοκιμαζόμενοι.
1302 2711 1550 2755 Libanium
1594 2714 1829 2756 auctorem

143 2767 226 2811 dec
248 2769 535 2813 amationum
575 2770 752 2826 primus
775 2772 978 2815 testatur
1007 2771 1203 2815 Ioannes
1236 2770 1506 2827 Doxapatri
1525 2771 1575 2813 in
1599 2783 1829 2814 commen-

141 2826 262 2870 tario
295 2828 355 2871 ad
371 2829 602 2902 Hermog.
635 2829 693 2873 de
723 2828 855 2873 id.11
880 2834 935 2874 10
967 2830 1102 2886 (rhet.
1127 2831 1160 2875 t.
1187 2830 1250 2874 VI
1272 2835 1374 2883 468,
1385 2829 1509 2873 29W
1544 2831 1717 2874 οὐκοῦν
1749 2830 1829 2873 τὸν

143 2884 309 2930 ἑαυτοῦ
341 2875 446 2945 βῖον
475 2889 558 2932 καὶ
589 2889 672 2938 τὰς
701 2887 890 2944 πράξεις
926 2890 1072 2942 δεῖξαι
1106 2889 1392 2946 ἀγωνιεῖται,
1433 2887 1583 2944 ὥσπερ
1615 2887 1830 2943 Κέφαλος

142 2944 219 2988 καὶ
240 2943 520 3003 Ἀριστοφῶν
552 2946 681 3003 παρὰ
703 2946 912 3007 Λιβανίῳ
936 2950 985 2992 et
1007 2949 1068 2992 ad
1091 2947 1310 3005 Hermog.
1335 2948 1429 2992 de
1416 2962 1507 2991 inv.
1524 2948 1546 2991 l
1561 2962 1606 3003 p.
1625 2952 1695 3002 68,
1706 2952 1731 2989 5
1756 2947 1826 2989 ed.
