2010 3168
401 109 629 155 Mossoffl
658 109 739 153 DE
770 94 977 155 U'xossss
1008 107 1272 162 LOQUAGI
1304 107 1581 163 QUERELA
1716 108 1824 161 515
1905 153 1908 157 ,

137 229 307 301 ταῦτα
337 257 448 300 τῶν
486 248 658 300 δικῶν
690 245 930 315 ὀνόματα
969 246 1187 315 φάσις,
1226 243 1535 313 ἔνδειξις,
1575 243 1825 312 ἀπαγω-

137 339 238 406 γή,
294 337 696 403 διαδικασία,
750 337 992 406 γραφή,
1047 337 1466 406 παραγραφή,
1520 334 1553 388 ἃ
1603 335 1693 388 καὶ
1745 328 1826 397 οἶς

138 425 306 479 οὐδέν
343 425 457 479 ἐστι
490 433 712 496 πρᾶγμα
753 429 1018 494 φιλοῦσιν
1065 424 1366 494 ὀνομάζειν.
1414 423 1443 477 ὁ
1483 425 1667 478 δεῖνα
1712 431 1826 477 τοῦ

137 516 358 577 δεῖνος
395 515 508 567 τὸν
548 515 734 567 δεῖνα
773 514 1126 584 ἐγράψατο,
1167 514 1254 567 σοὶ
1295 510 1356 566 δὲ
1394 515 1451 566 τί
1486 514 1699 567 τούτων
1729 514 1828 582 μή-

135 623 193 657 τε
232 605 490 656 διώκοντι
528 606 662 672 μήτε
701 603 990 671 φεύγοντις
1033 602 1078 654 7.
1111 601 1202 656 καὶ
1234 603 1343 672 μὴν
1377 602 1598 655 κάκεῖνο
1639 602 1828 654 δεινὸν
1875 624 1895 657 5

137 690 386 756 ἐξελάσαι
447 700 541 761 τῆς
603 691 808 762 ἀγορᾶς
869 693 930 745 τὸ
992 699 1088 761 τῆς
1148 693 1504 762 προσρήσεως
1558 689 1660 743 οὐκ
1714 686 1830 743 οἷδ’

135 781 345 835 ὁπόθεν
378 783 455 845 εἰς
486 782 583 834 τὸν
615 783 743 850 βίον
774 781 1032 834 εἰσελθὸν
1071 781 1186 834 τὸν
1226 781 1410 834 δεῖνα
1450 782 1720 849 χαίρειν.
1762 779 1828 833 οὐ

135 873 239 942 γὰρ
274 872 462 939 ἔγωγε,
494 872 566 940 μὰ
602 873 732 933 τοὺς
763 871 948 941 θεούς,
980 869 1090 939 ὁρῶ
1122 877 1223 923 τοῦ
1256 869 1496 940 ῥήματος
1527 869 1588 922 τὸ
1620 867 1829 939 κέρδος.

136 960 203 1013 οὐ
244 960 348 1029 γὰρ
389 953 432 1032 ᾧ
471 979 533 1028 γε
572 960 747 1028 λύπης
793 957 956 1024 ἀξίως
1005 961 1114 1029 ἔχει
1162 959 1229 1012 τὰ
1275 959 1586 1030 πράγματα,
1634 960 1828 1027 βελτίω

134 1050 282 1120 παρὰ
327 1049 388 1102 τὸ
437 1051 696 1118 χαίρειν
735 1048 968 1102 ἀκοῦσαι
1015 1052 1279 1118 γίγνεται.
1340 1049 1385 1102 8.
1426 1046 1517 1101 καὶ
1563 1047 1673 1116 μὴν
1718 1056 1830 1100 τῶν
1854 1071 1897 1104 10

135 1137 510 1210 ἐργαστηρίων
561 1139 663 1192 ὅσα
716 1135 819 1208 μὲν
872 1140 1084 1209 ἄκμονα
1139 1136 1231 1192 καὶ
1286 1145 1511 1207 σφῦραν
1542 1158 1545 1162 ·
1574 1133 1684 1206 ἔχει
1738 1134 1829 1189 καὶ

256 1291 278 1329 1
321 1285 450 1330 Dem.
483 1284 674 1330 Theocr.
707 1300 751 1342 p.
781 1289 955 1340 1323‚6
990 1299 1081 1340 sq.;
1131 1288 1305 1339 1325‚9
1451 1290 1476 1328 2
1522 1284 1650 1328 Dem.
1691 1283 1827 1339 Apatz.

135 1349 351 1403 p.892‚9;
375 1345 504 1389 Lacr.
523 1349 749 1402 p.939‚11
875 1350 898 1388 7
919 1344 975 1389 cf.
994 1345 1190 1400 t.V545‚
1205 1349 1259 1388 12
1383 1349 1436 1389 11
1464 1343 1826 1397 ef.1:.111103‚11

258 1470 281 1509 1
315 1463 486 1522 φάσις
526 1462 706 1521 λέγεται
746 1463 822 1509 ἐπὶ
861 1461 1085 1521 δημοσίου
1125 1462 1426 1521 ἐγκλήματος,
1471 1460 1582 1508 ὅταν
1612 1479 1682 1514 τις
1712 1462 1830 1506 ἀπο-

137 1523 285 1584 φαίνῃ
327 1531 420 1569 τῶν
462 1522 699 1580 δημοσίων
742 1522 907 1581 ἔχοντά
947 1539 1055 1567 τινα
1098 1524 1152 1567 οὐ
1194 1521 1467 1580 πριάμενον.
1510 1524 1582 1579 (=
1608 1521 1828 1578 Harpocr.

137 1599 179 1641 p.
210 1588 292 1628 182
324 1586 420 1628 not.
449 1588 472 1627 7
499 1583 569 1626 ed.
595 1583 790 1626 Bekker.
818 1582 945 1626 Suid.
971 1597 1004 1626 s.
1030 1585 1090 1638 v.)
1118 1585 1124 1639 Ι
1153 1582 1398 1635 ἔνδειξις
1430 1577 1555 1634 εἶδος
1586 1579 1720 1638 δίκης
1751 1582 1830 1636 δη-

138 1641 302 1700 μοσίας
332 1640 419 1699 ὑφ’
446 1641 506 1699 ’ἢν
536 1643 644 1694 τοὺς
670 1643 718 1687 ἐκ
750 1650 843 1687 τῶν
873 1640 1028 1699 νόμων
1055 1641 1350 1699 εἰργομένους
1379 1649 1521 1686 τινῶν
1551 1639 1580 1698 ἢ
1610 1639 1768 1686 τόπων
1801 1637 1829 1695 ἢ

135 1702 372 1759 πράξεων,
413 1703 454 1747 εἰ
493 1702 555 1759 μὴ
593 1699 843 1760 ἀπέχοιντο
877 1703 1053 1756 αὐτῶν,
1084 1704 1278 1758 ὑπῆγον.
1327 1699 1474 1753 οὕτως
1507 1697 1830 1758 Δημοσθένης.

137 1765 212 1820 (=
237 1762 458 1819 Hal-poor.
494 1761 622 1806 Suid.
655 1777 689 1806 s.
714 1763 772 1819 v.)
903 1766 927 1804 2
962 1759 1300 1806 διαδικασία
1333 1762 1416 1818 οὐχ
1454 1759 1670 1817 &nst-(1290)
1701 1766 1830 1802 πᾶσα

139 1820 266 1878 δίκη,
306 1820 405 1866 ἀλλ’
441 1821 491 1865 ἐν
531 1818 606 1872 αἶς
644 1819 751 1876 περί
784 1837 912 1872 τινος
943 1818 1282 1879 ἀμφισβήτησίς
1314 1820 1407 1866 ἐστι
1440 1823 1513 1877 (=
1539 1819 1760 1876 Harpocr.
1796 1818 1834 1863 Ο

137 1897 181 1939 p.
208 1886 262 1925 57
289 1883 383 1926 not.
412 1885 435 1924 7
462 1881 532 1924 ed.
560 1880 758 1938 Bekker)
791 1882 840 1923 in
870 1895 1004 1938 marg
1027 1880 1138 1924 rubr
1162 1881 1207 1925 B

260 2006 282 2044 1
318 1998 459 2055 φάσις
490 1999 684 2052 ἔνδειξις
714 1997 986 2043 διαδικασία
1019 1998 1176 2056 γραφή
1208 1999 1325 2043 citat
1355 1999 1403 2042 et
1434 1997 1639 2054 explicat
1670 1999 1831 2041 auctor

138 2059 276 2104 lexici
293 2058 558 2116 Augustani
576 2059 646 2102 ed.
663 2057 714 2102 G.
727 2058 960 2103 Hermann
978 2058 1036 2103 de
1053 2059 1232 2103 emend.
1249 2061 1337 2103 rat.
1354 2073 1398 2115 p.
1419 2062 1504 2102 338
1516 2073 1581 2113 sq.
1601 2059 1649 2101 et
1666 2061 1749 2100 337
1762 2070 1829 2111 sq.

200 2118 341 2175 φάσις
371 2132 446 2162 om
479 2119 537 2163 Vi
596 2117 735 2173 φύσις
759 2119 816 2162 H
931 2124 955 2162 2
989 2117 1180 2162 δικασία
1213 2118 1280 2163 Va
1306 2118 1386 2162 sed
1413 2135 1443 2161 α
1466 2121 1574 2174 post
1597 2119 1683 2173 ι(1)
1707 2116 1832 2160 inser

138 2177 209 2221 m'
234 2180 242 2235 Ι
269 2176 428 2235 γραφή
456 2191 530 2222 om
554 2177 656 2222 Mor
682 2178 688 2235 Ι
715 2177 1005 2234 παραγραφή
1030 2192 1105 2222 om
1121 2176 1174 2222 Ol
1199 2180 1205 2233 1
1235 2176 1265 2221 ἃ
1289 2178 1415 2221 inser
1438 2176 1531 2221 Va²
1650 2180 1677 2218 4
1703 2175 1831 2232 ἐμοὶῖ

145 2239 149 2295 ᾗ
184 2237 381 2295 τούτων]
404 2243 540 2281 τοῦτο
565 2245 655 2280 τῶν
685 2237 760 2280 La
819 2244 954 2281 τοῦτο
986 2245 1048 2280 τῶ
1083 2237 1139 2281 Vi
1150 2239 1218 2282 Va
1277 2237 1424 2281 τούτω
1458 2250 1562 2280 cum
1593 2249 1668 2279 ras
1705 2241 1726 2278 1
1752 2234 1831 2278 litt

139 2298 248 2354 post
271 2314 306 2340 ω
341 2298 384 2341 V
498 2302 524 2340 5
556 2303 644 2341 νῦν
667 2296 778 2340 Ferr
804 2298 810 2354 Ι
840 2296 988 2340 ἐκεῖνο
1021 2297 1137 2340 VVa
1161 2296 1262 2340 Mor
1286 2297 1354 2341 Re
1386 2296 1510 2352 quod
1536 2296 1832 2339 correxerunt

140 2356 302 2400 Iaoobs
334 2356 446 2399 Lech
478 2359 533 2399 96
573 2357 621 2399 et
657 2355 815 2399 Gasda
841 2355 848 2414 Ι
876 2359 976 2401 δεῖν
1009 2357 1249 2402 ViVaBCl
1278 2355 1381 2400 Mor
1419 2355 1509 2409 Re,
1549 2354 1630 2410 qui
1673 2352 1830 2399 δεινὸν

140 2416 272 2472 ὑμᾶς,
305 2411 340 2459 ὦ
374 2415 557 2471 ἄνδρες,
589 2415 674 2459 οὐκ
707 2413 915 2469 ἐξελάσαι
947 2414 1053 2459 coni
1122 2418 1196 2460 δεῖ
1226 2414 1383 2459 Gasda
1452 2412 1638 2458 δίκαιον
1668 2412 1830 2456 lacobs

141 2475 248 2518 Add
273 2479 358 2518 273
383 2475 488 2531 App
506 2473 616 2518 Pors
637 2474 737 2518 Adv
754 2479 839 2518 288
866 2474 977 2518 Lecss
996 2479 1049 2518 96
1104 2489 1325 2533 peryrave
1341 2474 1454 2531 Wig
1574 2478 1600 2516 6
1631 2470 1830 2527 προσρή-

143 2548 256 2584 σεως
277 2534 352 2579 La
385 2534 466 2578 sed
498 2547 524 2578 e
554 2530 673 2588 πρὸσ
705 2530 876 2590 ᾇήσεως
907 2547 1008 2578 corr
1038 2548 1071 2576 η
1208 2539 1231 2577 7
1267 2531 1382 2578 ὅθεν
1415 2533 1517 2576 Μοι·
1566 2534 1572 2589 Ι
1622 2529 1831 2576 εἰσελθὸν

142 2593 307 2650 scripsi
339 2607 363 2636 e
388 2594 434 2637 B
511 2593 732 2637 εἰσελθὼν
766 2593 834 2638 Va
909 2592 1110 2637 ἐπελθὸν
1134 2594 1190 2637 H
1196 2593 1416 2637 VGLaVi
1455 2591 1545 2635 edd
1622 2590 1832 2634 ἀπελθὸν

144 2653 197 2698 Οἱ
236 2652 317 2696 sed.
355 2670 386 2696 α
425 2651 475 2695 in
507 2667 528 2695 ε
567 2665 669 2696 corr
705 2651 775 2695 ω’
918 2657 942 2696 9
986 2652 1132 2709 λύπης
1170 2650 1310 2706 ἀξίως
1343 2652 1411 2696 Va
1450 2650 1532 2695 sed
1569 2650 1717 2706 λύπης
1755 2648 1831 2692 del

143 2757 191 2798 eh
222 2754 427 2811 ἀκαίρως
458 2769 598 2811 supra
629 2754 768 2809 ἀξίως
798 2771 870 2800 scr
899 2755 970 2799 m'
1018 2758 1024 2813 Ι
1074 2754 1263 2814 βελτίων
1291 2756 1329 2800 G
1354 2755 1465 2798 Ferr
1609 2757 1662 2796 10
1701 2724 1832 2806 πξερά

153 2815 210 2859 Vi
236 2816 242 2870 Ι
269 2814 469 2859 ἀκούσαι
494 2815 569 2859 La
595 2816 602 2871 Ι
629 2813 807 2871 γίνεται
839 2816 964 2861 Vaol
990 2818 997 2871 1
1024 2816 1103 2860 καὶ
1135 2817 1245 2859 ante
1275 2822 1366 2859 τῶν
1400 2814 1466 2857 Va
1495 2815 1503 2869 Ι
1529 2828 1579 2869 γε
1610 2814 1716 2868 post
1738 2819 1831 2856 τῶν

145 2873 247 2918 ΒΟΖ
270 2873 371 2917 Mor
395 2874 462 2917 Re
559 2925 567 2932 ·
586 2879 637 2917 11
672 2881 858 2930 σφῦραν
890 2875 1054 2931 scripsi
1118 2874 1301 2931 σφύραν
1332 2873 1442 2916 libri
1473 2872 1563 2915 edd
1591 2875 1598 2927 l
1625 2871 1705 2915 καὶ
1728 2871 1830 2915 κτύ-

144 2947 261 2983 πους
290 2932 340 2975 in
371 2947 503 2988 marg
528 2933 585 2977 Gr
656 2947 731 2976 om
761 2933 872 2977 Ferr

1392 3006 1478 3048 33*
