2010 3168
207 75 313 129 188
671 76 898 121 LIBANII
928 76 1316 121 DEOLAMATIO
1348 77 1478 121 XVII

203 216 270 264 813
282 209 325 282 ¹)
351 219 402 263 et
431 233 633 264 munere
664 217 820 281 legati
852 216 1129 265 Galliarum
1152 216 1374 265 Venetiis
1406 218 1690 280 Romaeque
1721 218 1897 280 functi,

205 292 343 338 cuius
384 306 495 338 cum
533 291 673 339 libris
717 306 846 339 anno
891 292 1030 339 1537
1071 291 1423 339 bibliothecam
1469 291 1678 355 Regiam
1714 292 1894 341 Fonte-

202 363 523 412 blandensem
568 357 855 431 intravit2),
912 367 1060 413 antea
1105 365 1320 413 numeris
1352 365 1707 427 DOGOOXX,
1740 367 1897 427 1008,

206 439 350 486 3131
392 439 661 501 insignitus
698 438 857 487 tribus
897 439 1070 500 primis
1114 439 1248 486 foliis
1282 454 1407 500 quae
1438 439 1675 503 Diogenis
1706 438 1899 488 Laertii

203 513 321 560 vitis
367 512 775 574 philosophorum
811 513 1006 561 saeculo
1046 513 1245 560 demum
1283 512 1376 559 XV
1415 515 1621 560 exeunte
1659 513 1741 562 vel
1779 513 1899 561 XVI

203 586 405 634 ineunte
438 588 652 635 exaratis
685 587 903 649 praefixa
935 589 1051 634 sunt
1081 586 1302 634 continet
1331 587 1569 649 reliquias
1603 587 1783 636 codicis
1816 587 1897 668 de-

206 660 562 708 clamationum
593 660 986 722 Philippicarum
1019 659 1232 709 Libanii.

314 734 508 781 Folium
538 738 563 782 1
592 734 771 796 incipit
793 734 955 783 verbis
979 732 1366 799 βαλαντιοτόμου
1390 733 1523 793 τινὸς
1540 728 1610 801 (p.
1632 737 1753 796 231,
1772 728 1828 801 4)
1849 737 1899 782 et

204 807 386 855 desinit
415 808 578 856 verbis
611 808 664 858 τὸ
696 805 971 874 συνέδριον,
1002 806 1258 871 ἀνωμαλία
1282 801 1352 874 (p.
1379 802 1629 875 234,17).

316 881 514 929 Folium
564 884 593 929 2
642 883 821 945 incipit
866 882 1028 930 verbis
1083 880 1409 948 ὁεδρακότων’
1466 879 1578 931 οὔτε
1626 889 1723 930 τῶν
1771 898 1899 944 quae

206 958 322 1003 sunt
348 956 721 1005 declamationis
738 956 1007 1019 Hyperidis
1031 958 1066 1004 t.
1083 956 1157 1004 IV
1179 973 1227 1018 p.
1255 957 1378 1015 325,
1397 958 1426 1004 3
1445 957 1490 1003 R
1514 958 1564 1004 et
1587 956 1770 1005 desinit
1790 972 1899 1004 ver-

204 1029 280 1078 bis
311 1028 397 1088 τὰς
421 1030 630 1094 τριήρεις
655 1028 708 1078 τὸ
733 1029 967 1094 φρόνημα
989 1037 1087 1078 τῶν
1111 1024 1181 1096 (p.
1210 1032 1332 1091 327,
1353 1023 1430 1094 7);
1463 1031 1638 1078 folium
1665 1033 1694 1079 3
1721 1030 1899 1092 incipit

204 1103 367 1152 verbis
408 1104 531 1152 haec
571 1104 888 1166 sequentibus
926 1102 1209 1167 ἀθηναίων’
1257 1102 1372 1163 τοὺς
1410 1102 1588 1169 ὅρκους
1628 1106 1678 1152 et
1716 1102 1900 1152 desinit

205 1178 367 1226 verbis
399 1176 489 1241 τὴν
521 1185 618 1226 τῶν
649 1176 868 1241 ἒλλήνων
898 1176 1131 1244 ἐγγράφει
1156 1171 1226 1245 (p.
1254 1180 1376 1239 329,
1398 1172 1468 1244 7).

316 1252 392 1299 Ne
425 1268 540 1300 vero
574 1252 683 1314 quis
715 1253 837 1300 haec
867 1252 966 1300 tria
997 1253 1121 1301 folia
1153 1269 1211 1299 ex
1237 1252 1691 1314 Hierosolymitano
1724 1253 1900 1300 avulsa

208 1340 311 1374 esse
358 1326 526 1374 credat
580 1330 630 1374 et
676 1326 919 1375 scribendi
957 1328 1087 1375 ratio
1126 1326 1333 1374 nitidior
1372 1329 1421 1374 et
1457 1327 1702 1374 linearum
1739 1326 1899 1389 longi-

203 1400 324 1447 tudo
356 1401 509 1462 triplo
553 1401 655 1449 fere
693 1402 747 1448 in
784 1401 836 1448 D
876 1416 1025 1463 quam
1064 1400 1118 1447 in
1155 1401 1244 1448 illo
1283 1401 1445 1448 maior
1476 1400 1655 1448 obstat.
1725 1399 1900 1462 Neque

210 1473 477 1536 Hyperidis
510 1474 922 1523 declamationem
953 1476 1153 1523 omnino
1184 1474 1273 1522 illo
1299 1474 1463 1523 codice
1498 1474 1901 1536 comprehensam

207 1549 362 1596 fuisse
394 1549 495 1596 ullo
527 1549 711 1597 indicio
745 1552 965 1611 apparet.

317 1621 579 1684 Descripta
603 1625 718 1670 sunt
742 1622 909 1670 omnia
925 1639 1053 1671 anno
1075 1624 1214 1671 1879
1231 1638 1262 1670 a
1277 1621 1618 1670 Maximiliano
1635 1614 1899 1687 Bonnet‚⁸)

208 1695 295 1757 qui
328 1697 669 1760 apographum
700 1699 901 1744 auctore
934 1695 1110 1744 Carolo
1144 1695 1311 1744 Graux
1348 1697 1565 1745 revisum
1607 1695 1734 1744 dono
1776 1695 1900 1743 mihi

206 1769 356 1818 misit.
418 1770 531 1831 Ipse
571 1785 699 1818 anno
737 1771 879 1818 1880
919 1770 1137 1818 codicem
1174 1771 1381 1831 inspexi.
1445 1769 1704 1831 Specimen
1747 1770 1898 1830 scrip-

205 1847 351 1891 turae
390 1844 622 1892 foliorum
665 1847 690 1891 1
736 1847 785 1892 et
825 1846 855 1891 3
896 1844 1148 1892 Friderico
1187 1843 1388 1892 Vonder
1424 1844 1587 1891 Muhll
1625 1842 1900 1891 Basileensi

209 1917 374 1966 debeo.

323 1991 398 2052 Si,
435 1993 494 2038 ut
530 2007 623 2053 par
661 1995 757 2055 est,
797 1991 985 2040 codices
1025 1992 1277 2040 Parisinos
1320 1992 1461 2040 2535
1496 1994 1547 2039 et
1579 1992 1683 2040 583
1723 1991 1901 2039 missos

207 2066 441 2125 facimus,
483 2066 567 2127 qui
604 2068 798 2113 restant
837 2066 1053 2128 quinque
1093 2066 1283 2114 codices
1315 2064 1662 2113 AthPHMaD
1691 2066 1744 2112 in
1776 2064 1899 2113 duas

206 2140 368 2201 pretio
399 2140 501 2187 fere
525 2155 669 2201 pares
695 2140 955 2188 discedunt
978 2140 1210 2199 familias,
1243 2155 1452 2201 quarum
1483 2140 1621 2201 prior
1648 2137 1901 2187 codicibus

207 2212 364 2274 AthP,
392 2213 550 2261 altera
572 2214 775 2262 HMaD
799 2215 1092 2262 continetur.
1146 2215 1241 2262 Ma
1263 2229 1379 2261 vero
1412 2215 1469 2260 ut
1491 2213 1707 2275 plurima
1729 2212 1900 2275 negle-

210 2288 404 2350 gentiae
453 2288 667 2350 vestigia
705 2287 925 2347 exhibet,
970 2289 1046 2336 ita
1086 2287 1222 2335 haud
1265 2287 1413 2335 semel
1461 2281 1546 2352 (cf.
1585 2286 1898 2348 potissimum

209 2377 256 2422 p.
284 2362 406 2420 230,
426 2363 454 2408 3
482 2364 532 2407 et
559 2355 651 2427 19>
686 2362 817 2409 solus
849 2362 1111 2410 lectionem
1143 2362 1410 2424 genuinam
1441 2362 1673 2408 servavit.

330 2532 371 2585 1)
406 2529 562 2574 Gallia
601 2529 866 2574 Christiana
890 2530 954 2574 III
978 2535 1077 2575 948.

330 2591 373 2645 2)
407 2588 473 2633 Of.
498 2589 555 2632 H.
583 2588 769 2643 Omont,
803 2589 1082 2647 Catalogues
1115 2590 1197 2633 des
1221 2589 1499 2633 manuscrits
1531 2600 1662 2644 grecs
1695 2587 1753 2631 de
1777 2586 1897 2630 Fon-

209 2647 502 2701 tainebleau‚
549 2663 594 2704 p.
620 2648 673 2692 V.
751 2649 804 2691 ln
859 2649 1074 2706 catalogo
1120 2648 1436 2692 bibliothecae
1481 2645 1897 2690 Fonteblandensis

212 2720 333 2750 anno
369 2711 483 2750 1550
515 2707 769 2751 secundum
800 2707 1064 2751 litterarum
1096 2707 1305 2751 ordinem
1328 2707 1511 2764 digesto
1544 2718 1786 2748 numerum
1811 2709 1896 2749 335

211 2766 333 2822 gerit
365 2766 553 2821 (Omont
583 2766 614 2810 l.
639 2766 669 2810 1.
702 2781 747 2822 p.
775 2769 890 2822 114).

331 2827 375 2881 3)
410 2824 499 2878 Qui
531 2827 579 2869 et
608 2825 711 2881 ipse
743 2826 800 2869 de
833 2825 991 2869 codice
1016 2825 1132 2868 Mus.
1157 2824 1304 2869 Rhen.
1331 2823 1500 2867 XXXII
1526 2827 1608 2867 581
1637 2825 1683 2867 et
1706 2822 1898 2866 XXXIV

189 2887 294 2926 >487
329 2883 530 2928 breviter
558 2883 754 2927 rettulit.
