2010 3168
196 43 263 95 72
784 43 1074 88 GREGORJI
1106 42 1307 87 CYPRH

193 180 254 232 δὲ
293 178 362 232 ἂν
402 179 489 233 ἐπὶ
529 182 657 242 τοὺς
695 183 991 248 πολεμιόυς
1029 180 1205 246 ἴωσιν,
1247 179 1495 247 ἀσεβείας
1534 179 1736 242 αὐτοὺς
1775 183 1883 234 Κο-
1935 233 1938 236 A

193 272 406 336 ρι’νθιοι
448 268 769 338 γράφονται.
818 269 902 322 35.
943 270 1034 322 καὶ
1073 278 1188 330 πῶς
1229 268 1331 321 οὐκ
1363 268 1656 336 ἀλόγιστον
1696 276 1882 333 τοῦτο;

192 355 443 425 ἐγκαλεῖν
467 355 578 411 ἔδει
603 357 693 411 καὶ
716 356 1033 426 μέμφεσθαι
1064 359 1469 427 προσηκόντως,
1494 354 1535 410 ὦ
1563 360 1882 426 Κορίνθιοι,

191 446 352 514 ἡνίκα
405 443 579 515 μηδὲν
633 447 802 500 κακὸν
857 449 934 508 εἰς
987 447 1127 515 ἡμᾶς
1181 445 1575 514 εἰργασμένους
1637 446 1883 508 ἐκείνους

148 555 167 588 5
193 534 506 604 ἐπεθέμεθα
546 536 704 589 αὐτοὶ
743 534 833 588 καὶ
874 535 1214 603 ἐβλάπτομεν
1252 537 1392 604 μόνῃ
1430 543 1495 605 τῇ
1535 543 1633 588 τοῦ
1670 534 1883 588 ἀδικεῖν
1960 600 1963 604 Ι

193 623 634 687 ἀκολουθοῦντες
663 623 867 693 ἐφέσει·
894 622 1010 677 ἐπεὶ
1041 622 1089 677 δ’
1122 623 1321 677 ἐκεῖνοι
1354 624 1615 691 βλάπτειν
1647 623 1882 693 ἤρξαντο

191 722 415 782 πρῶτοι,
454 722 568 776 πῶς
608 710 667 766 δὲ
708 714 993 781 βλάπτειν;
1042 711 1099 765 ἐκ
1138 721 1237 766 τοῦ
1277 714 1343 765 τὰ
1383 716 1713 782 συγκείμενα
1753 713 1881 765 ἀθε-

189 809 348 869 τῆσαι
388 803 479 854 καὶ
520 803 779 855 σπονδῶν
827 801 1094 870 ἀλογῆσαι
1132 803 1229 854 ’καὶ
1278 801 1533 868 ἀτιμάσαι
1581 798 1682 870 μὲν
1728 802 1883 869 ἡμῶν

189 891 290 958 τὴν
330 889 454 959 περὶ
494 891 697 953 αὐτοὺς
735 893 1021 960 πρόνοιαν,
1061 890 1317 959 ἀτιμάσαι
1357 890 1418 943 δὲ
1456 891 1547 943 καὶ
1578 891 1678 958 τὴν
1714 905 1883 942 σπου-

124 1001 165 1032 10
191 980 311 1047 δήν,
351 989 656 1048 ματαιῶσαι
705 980 765 1033 δὲ
815 978 906 1032 καὶ
953 982 1082 1042 τοὺς
1126 982 1335 1042 πόνους
1380 980 1470 1032 καὶ
1516 980 1612 1041 τὰς
1659 978 1882 1041 ἐλπίδας

189 1067 275 1120 καὶ
327 1069 405 1130 εἰς
452 1069 626 1139 ἄκραν
671 1071 1078 1138 περιφρόνησιν
1123 1078 1234 1121 τῶν
1281 1067 1556 1142 ἡμετέρων
1603 1068 1882 1137 γενέσθαι,

191 1157 293 1210 οὐκ
340 1157 409 1210 ἂν
457 1159 570 1226 ε”χοι
621 1160 790 1226 λόγον
827 1157 859 1226 ἡ
906 1157 1128 1226 μέμψις,
1176 1158 1245 1210 ἂν
1292 1158 1446 1226 ἡμεῖς
1493 1156 1880 1225 ἐπεξήλθομεν.

190 1246 352 1316 ὁρᾶτε
391 1247 495 1314 γὰρ
535 1247 626 1299 καὶ
666 1248 764 1300 τὸν
799 1247 994 1300 κοινὸν
1024 1255 1194 1299 πᾶσιν
1226 1243 1547 1315 ἀνθρώποις
1579 1248 1769 1313 νόμον,
1810 1247 1882 1307 ὡς

191 1334 292 1387 οὐκ
332 1332 412 1387 ἐπ’
460 1336 662 1398 ἄλλους
700 1335 733 1404 ἢ
780 1338 910 1397 τοὺς
955 1336 1244 1398 τοιούτους
1289 1333 1583 1405 προτρέπει
1629 1335 1695 1387 τὰ
1741 1334 1882 1387 ὅπλα

123 1444 164 1476 15
189 1432 390 1492 κινεῖν,
437 1422 527 1477 καὶ
574 1425 672 1478 τὸν
711 1426 1026 1492 βλάπτοντα
1073 1421 1133 1477 δὲ
1173 1423 1562 1492 ἀντιβλάπτειν
1603 1422 1694 1476 καὶ
1735 1423 1881 1476 ἀντι-

188 1521 372 1578 μισεῖν
418 1514 515 1566 τὸν
569 1520 841 1582 μισοῦντα
894 1513 985 1566 καὶ
1039 1515 1137 1566 τὸν
1192 1512 1393 1577 ξύοντα
1449 1510 1725 1576 ἀντιξύειν
1780 1513 1880 1581 οὐχ

189 1601 456 1670 ὑπάρχειν
498 1600 687 1670 ἑτέρου
728 1601 760 1670 ἢ
799 1603 1000 1655 τούτου
1040 1610 1141 1655 τοῦ
1183 1602 1467 1670 δόγματος.

301 1690 386 1742 36.
418 1689 555 1743 Ἀλλ’
597 1695 727 1753 ἴσως
758 1687 895 1759 μηδὲ
927 1676 1290 1760 τούλάχιστον
1321 1691 1453 1758 ἡμῖν
1479 1692 1879 1757 παρεξελθοῦσι

187 1786 289 1831 τοῦ
353 1780 571 1832 δικαίου
634 1778 826 1833 δοτέον
881 1773 1021 1832 εἶναι
1079 1780 1240 1847 δίκην
1292 1779 1733 1848 παρακελεύεσθε
1790 1780 1881 1831 καὶ

123 1888 165 1920 20
190 1868 362 1933 νόμον
428 1876 684 1921 τοιοῦτον
752 1866 879 1920 καθ’
948 1868 1103 1937 ἡμῶν
1172 1876 1522 1934 καινοτομεῖν
1588 1867 1880 1934 βούλεσθε,

191 1957 587 2019 Ποτιδαιάταις
642 1953 701 2008 δὲ
755 1955 845 2009 καὶ
900 1957 965 2009 τὰ
1029 1955 1257 2024 μέγιστα
1314 1962 1697 2024 παρανομοῦσι
1749 1952 1874 2023 μηδ’

190 2040 333 2097 εἶναι
382 2047 632 2108 συνόλως
680 2047 874 2098 αἰτίαν.
925 2045 1017 2097 καὶ
1063 2045 1173 2112 μὴν
1213 2046 1669 2113 Λακεδαιμονίοις
1714 2044 1882 2113 μικρά

187 2151 320 2185 ποτε
355 2135 598 2200 βλάψασι
638 2135 738 2202 τὴν
778 2132 1021 2202 Ἀττικὴν
1059 2131 1118 2186 ἐκ
1157 2141 1256 2185 τοῦ
1296 2134 1551 2195 πλείονος
1583 2132 1881 2186 ἀνταπέδο-

190 2241 291 2289 μεν
329 2233 512 2274 πασαν
554 2222 614 2275 ἐν
652 2223 834 2275 κύκλω
874 2223 974 2289 τὴν
1008 2225 1445 2289 Πελοπόννησον
1483 2222 1880 2288 περιπλεύσαν-

123 2329 164 2362 25
190 2329 276 2371 τες
323 2310 406 2362 ἀεὶ
453 2309 542 2363 καὶ
592 2311 977 2380 λυμηνάμενοι.
1035 2309 1125 2362 καὶ
1163 2312 1521 2376 Κορινθίους,
1562 2309 1879 2376 ἐπειδήποτε

312 2431 365 2469 16
400 2427 652 2471 Suid.s.v.
681 2426 862 2482 ξυήλην.
897 2425 1323 2468 Eustath.ad11.z
1347 2430 1433 2467 564
1465 2441 1510 2481 p.
1537 2429 1636 2479 863,
1654 2431 1694 2468 4.
1739 2424 1878 2468 Mich.

190 2485 399 2540 Apostol.
425 2500 550 2540 prov.
570 2485 696 2528 XVII
723 2491 778 2528 20
805 2499 906 2528 cum
934 2486 1045 2528 nota
1068 2484 1305 2528 Leutschii
1427 2490 1483 2526 24
1507 2461 1648 2527 Τὶιιιό
1675 2483 1738 2526 III
1763 2488 1832 2538 40,
1852 2488 1878 2526 6

310 2593 336 2630 4
370 2588 716 2646 εἰργασμένους]
748 2588 865 2642 πρὸς
895 2587 946 2631 τὸ
980 2586 1330 2645 ἐβλάπτομεν
1364 2583 1487 2642 ρῆμα
1509 2586 1592 2643 τὴν
1616 2601 1878 2642 προηγησα-

191 2644 334 2702 μένην
354 2647 629 2730 αἰτιατικὴν
663 2645 942 2691 συντακτέον
967 2646 1081 2689 LV²

309 2754 333 2792 2
360 2750 634 2806 γράφονται.
656 2750 793 2793 Sehm
857 2749 1142 2805 γράψονται;
1168 2749 1211 2792 L
1272 2748 1553 2804 γραψονται·
1581 2748 1623 2791 V
1738 2752 1791 2790 18
1817 2747 1878 2804 μὴ

189 2807 240 2851 δὲ
277 2809 318 2852 V
435 2815 486 2852 19
520 2809 922 2864 παρακελεύεσθαι
948 2809 994 2850 et
1019 2813 1074 2851 20
1100 2807 1351 2865 βούλεσθαι
1386 2808 1428 2850 V
1542 2812 1595 2850 21
1630 2805 1877 2864 ταμέγιστα

198 2867 268 2924 V!
295 2867 356 2924 μὴ
389 2865 436 2911 δ’
475 2869 518 2912 V
634 2873 688 2910 25
722 2867 795 2911 ἀεὶ
829 2867 991 2922 scripsi
1026 2881 1049 2910 e
1084 2867 1127 2911 V
1182 2866 1316 2910 αὐτοὶ
1340 2867 1383 2910 L
1416 2865 1551 2909 Schm
