2010 3168
187 115 616 162 DEMOSTHENIS
648 116 729 160 DE
759 116 887 160 ARA
916 115 1390 161 MISERICORDIAE
1424 115 1650 161 ORATIO
1713 116 1819 170 357

122 273 315 322 μενος
359 255 529 322 βῆμα
564 251 836 321 <γέμον>
875 260 1131 321 σεμνῶν
1177 253 1282 305 καὶ
1337 256 1554 306 καλῶν
1608 255 1821 321 λόγων

125 340 517 411 ἐπειρώμην,
564 340 887 410 ὁμολογῶ,
936 342 1015 410 μὴ
1063 344 1411 394 λείπεσθαι
1458 350 1586 395 τῶν
1627 341 1634 412 Ι
1683 346 1908 391 RIV259

123 435 416 485 παλαιῶν
461 429 768 500 ρητόρων.
828 429 912 483 15.
949 428 1041 483 καὶ
1089 429 1215 499 περὶ
1268 437 1365 498 τῆς
1420 431 1596 494 αἰτίας
1643 429 1728 499 δέ,
1776 427 1818 484 ὦ

123 524 428 588 Ἀθηναῖοι,
474 526 571 587 τῆς
615 523 823 588 πολλῆς
873 520 1098 587 ταύτης,
1153 519 1227 582 ὡς
1273 520 1378 589 ἄρα
1428 518 1533 587 ἐγὼ
1580 521 1816 589 πόλεμον

122 607 352 662 ἐποίουν
405 607 527 671 ἐξὸν
580 609 807 677 εἰρήνην
861 608 1015 676 ἄγειν
1070 601 1226 661 εἶπον
1278 609 1371 661 καὶ
1416 609 1483 661 τὰ
1528 608 1819 678 πράγματα
1866 629 1887 663 5

122 697 351 766 ἐξήτασα
389 698 479 750 καὶ
519 697 769 766 διορίσας
808 697 905 750 τὸν
945 696 1297 765 ἀμυνόμενον
1328 697 1436 750 ἀπὸ
1469 704 1569 750 τοῦ
1601 704 1820 750 κινοῦν-

120 806 214 850 τος
274 788 517 854 πόλεμον
579 785 830 854 οὐδαμοῦ
892 786 1044 839 λύων
1106 787 1334 856 εἰρήνην
1394 786 1631 856 ἐφάνην,
1694 784 1811 839 ἀλλ’

122 876 353 944 Εὔβοια,
394 877 842 943 Πελοπόννησος,
881 875 948 928 τὰ
986 879 1169 942 πλοῖα,
1200 862 1455 945 Μέγαρα,
1486 873 1819 943 Ἑλλήσπον-

119 983 229 1032 τος,
268 964 459 1033 μικρά,
509 965 696 1031 μείζω,
743 964 922 1016 πάντα
960 983 1026 1032 με
1064 965 1265 1033 ταύτης
1305 963 1608 1034 ἐλεύθερον
1648 963 1819 1017 ἐποίει

119 1061 216 1122 τῆς
275 1052 539 1121 μέμψεως.
614 1051 696 1104 16.
752 1052 858 1120 ἐγὼ
920 1050 1023 1121 μὲν
1086 1049 1190 1106 οὖν
1253 1055 1533 1122 σιωπήσας
1592 1054 1821 1122 ἤλπιζον
1846 1077 1890 1110 ιο

120 1142 387 1210 μάστιγας
424 1142 514 1194 καὶ
553 1140 754 1212 κέντρα
791 1141 881 1194 καὶ
920 1149 1034 1212 πῦρ
1073 1140 1165 1194 καὶ
1204 1143 1266 1194 τὸ
1305 1145 1640 1210 τελευταῖον,
1680 1155 1820 1211 σφα-

122 1233 250 1299 γήν,
307 1230 335 1283 ὁ
385 1231 446 1283 δὲ
493 1232 693 1300 μικρὸν
740 1229 1003 1300 ἐπισχών,
1058 1230 1299 1300 ἀφίημί
1350 1245 1443 1299 σε,
1498 1233 1659 1299 φησί,
1713 1229 1819 1283 καὶ

121 1329 283 1372 ποιῶ
345 1319 585 1389 κύριον
653 1327 762 1388 τῆς
832 1320 981 1373 ὅποι
1051 1320 1282 1388 βούλει
1351 1323 1644 1390 πορείας,
1712 1318 1821 1373 καὶ

121 1408 327 1472 σώζου
383 1409 490 1461 καὶ
543 1407 695 1475 με’νε
748 1407 888 1477 μέν,
944 1410 1003 1461 ει’
1054 1407 1236 1462 τοῦθ’
1290 1409 1508 1477 ἥδιον,
1563 1408 1632 1462 ἐν
1677 1418 1820 1471 ταῖς

121 1495 302 1564 ἐμαῖς
346 1499 597 1566 πόλεσι,
644 1498 867 1565 βάδιζε
918 1498 987 1550 δὲ
1034 1496 1336 1566 Ἀθήναζε
1388 1496 1494 1550 καὶ
1547 1502 1818 1566 κομίζου
1843 1521 1888 1554 15

118 1587 236 1655 τὴν
275 1589 554 1654 οἰκείαν,
594 1588 649 1640 εἰ
687 1589 884 1641 τοῦτό
916 1601 1022 1641 σοι
1060 1588 1218 1640 κατὰ
1250 1595 1426 1640 νοῦν.
1466 1585 1558 1640 καὶ
1590 1588 1820 1656 μειδιῶν

119 1677 228 1744 ἅμα
274 1674 365 1729 καὶ
411 1675 631 1744 βλέπων
681 1678 760 1739 εἰς
813 1678 944 1739 τοὺς
997 1679 1299 1746 παρόντας,
1356 1676 1667 1744 ἐπιμελοῦ
1725 1676 1818 1745 δέ,

121 1766 275 1833 φησί,
313 1763 419 1818 καὶ
457 1763 822 1838 τοῦἘλέου
859 1767 1096 1835 βωμοῦ.
1135 1763 1281 1835 παρ’
1323 1766 1480 1834 ὑμῖν
1520 1767 1640 1835 γάρ
1681 1764 1819 1819 ἐστι

118 1862 255 1916 τοῖς
292 1853 581 1923 ἡμέροις,
620 1855 805 1924 ἡμεῖς
844 1854 914 1908 δὲ
953 1854 1121 1924 ὠμοί
1154 1874 1219 1907 τε
1257 1853 1363 1907 καὶ
1404 1855 1742 1925 βάρβαροι.

238 2020 266 2058 4
309 2014 366 2058 cf.
405 2030 451 2071 p.
479 2018 586 2070 277,
606 2019 661 2057 12
680 2029 746 2071 sq.
903 2020 926 2059 7
971 2015 1028 2060 cf.
1069 2031 1113 2072 p.
1141 2019 1248 2069 277,
1269 2020 1323 2059 12
1342 2030 1408 2071 sq.
1564 2019 1620 2058 10
1666 2015 1723 2060 cf.
1758 2015 1818 2059 ad

120 2088 162 2130 p.
191 2078 291 2128 270,
312 2078 366 2118 10
490 2079 544 2117 16
578 2074 636 2118 cf.
669 2089 713 2130 p.
740 2078 840 2129 320,
861 2080 908 2129 2;
940 2077 973 2118 ²0.
998 2075 1042 2119 H
1066 2079 1179 2130 88,1

242 2228 263 2265 1
283 2228 436 2279 χρῆμα
456 2223 514 2266 Vi
539 2224 545 2278 Ι
573 2224 696 2280 βῆμα
715 2221 1075 2281 (λαμπρότατον
1091 2222 1209 2280 διὰ)
1228 2230 1406 2279 σεμνῶν
1424 2223 1530 2266 coni
1546 2223 1614 2266 Re
1642 2225 1649 2279 Ι
1676 2220 1818 2279 γέμον

122 2282 288 2338 scripsi
349 2280 514 2338 μεστὸν
540 2283 655 2326 VaB
718 2295 793 2326 om
808 2281 979 2338 reliqui
1003 2281 1113 2325 libri
1138 2282 1226 2325 edd
1257 2284 1263 2337 Ι
1292 2284 1446 2326 καλῶν
1470 2283 1552 2326 καὶ
1576 2289 1754 2339 σεμνῶν
1767 2282 1819 2326 ΟΖ

123 2342 128 2398 Ι
149 2341 317 2397 σεμνὸν
333 2341 413 2384 καὶ
431 2348 608 2397 σεμνῶν
620 2342 708 2385 Μα
725 2341 806 2384 sed
824 2341 990 2398 σεμνὸν
1008 2341 1133 2385 inser
1148 2341 1218 2384 m²
1239 2340 1244 2400 Ι
1266 2341 1346 2384 καὶ
1363 2341 1558 2384 inserV²
1665 2346 1690 2384 2
1710 2340 1816 2397 ὁμο·
1903 2365 1907 2369 -

118 2403 272 2456 λογεῖν
299 2401 429 2455 Wolf
452 2400 564 2444 Ferr
684 2404 709 2442 3
742 2399 796 2445 δέ
827 2415 902 2445 om
926 2402 1036 2444 Lau
1157 2406 1183 2444 5
1225 2401 1398 2456 ἐπῆγον
1423 2401 1533 2444 Lau
1561 2403 1566 2456 Ι
1595 2401 1675 2445 καὶ
1706 2403 1817 2444 ante

120 2455 254 2503 εἷπον
280 2459 425 2503 ΜαΟΖ
546 2463 571 2501 6
604 2458 801 2514 ἐξήτασα
829 2461 898 2505 Va
930 2461 1011 2503 sed
1036 2458 1227 2516 ἐζήτησα
1252 2460 1302 2502 in
1333 2474 1468 2517 marg
1490 2459 1562 2503 m²
1624 2459 1816 2514 ἐζήτησα

120 2519 172 2562 Η
180 2518 260 2562 VO
268 2519 398 2573 Wolf
401 2519 606 2564 ViMaOl
621 2518 733 2562 Fen·
793 2519 1024 2575 scriptura
1039 2520 1090 2562 in
1109 2519 1351 2575 Crparum
1373 2521 1501 2563 certa
1623 2523 1650 2562 8
1681 2521 1816 2562 πελο-

120 2575 326 2633 πόνησος
351 2578 429 2623 VO
548 2582 573 2620 9
606 2575 702 2634 μετ’
733 2578 875 2634 αὐτῆς
893 2580 982 2623 Μα
1104 2584 1155 2622 11
1190 2578 1242 2622 τὸ
1272 2592 1345 2622 om
1366 2578 1513 2623 Macl
1635 2583 1687 2620 13
1722 2576 1815 2633 ὅπη

128 2637 197 2680 Va
334 2642 387 2680 15
419 2634 607 2681 πόλεσιν
634 2637 694 2681 Cr
822 2642 876 2681 16
910 2635 1066 2681 οἰκίαν
1091 2639 1149 2682 Η
1155 2637 1354 2682 VOVaB
1367 2637 1682 2682 ViMaGlLau
1713 2636 1819 2680 Mor

119 2696 201 2738 sed
239 2695 288 2738 in
328 2696 416 2740 hoc
447 2713 501 2752 γρ
535 2693 714 2740 οἰκείαν
751 2695 802 2739 in
839 2710 974 2754 marg
1050 2696 1282 2752 scriptura
1313 2696 1362 2739 in
1398 2697 1456 2740 Gr
1485 2709 1654 2752 parum
1685 2697 1815 2738 certa

240 2758 294 2798 19
333 2753 522 2811 ἡμέροις
554 2756 622 2799 Va
662 2755 742 2798 sed
781 2756 861 2799 καὶ
899 2763 998 2806 τοῖς
1037 2754 1300 2810 ἐλευθέροις
1338 2769 1553 2815 suprascr
1590 2754 1673 2810 m',
1712 2754 1816 2798 Mor

119 2813 201 2856 sed
232 2830 287 2870 γρ
320 2812 585 2869 ἐλευθέροις
614 2813 662 2856 in
695 2827 828 2870 marg
887 2813 1125 2871 ἡμετέροις
1148 2815 1258 2859 Lau
1319 2813 1583 2868 ἐλευθέροις
1616 2814 1728 2858 GrH
1740 2814 1820 2858 VO

119 2872 342 2972 I{VolfMa
376 2873 458 2917 sed
496 2873 545 2915 in
583 2873 671 2916 hoc
710 2872 900 2929 ἡμέροις
930 2874 1010 2917 καὶ
1047 2881 1147 2924 τοῖς
1176 2874 1225 2916 in
1257 2888 1390 2930 marg
1420 2886 1620 2929 praepos
1651 2871 1734 2926 ιη’,
1762 2873 1816 2917 ΟΖ

157 2944 230 2973 err
