2010 3168
725 85 982 132 CEPHALI
1013 85 1238 131 ORATIO
1721 85 1789 138 12
1795 85 1823 138 7

136 243 259 294 ρας,
299 224 372 286 ὡς
411 221 461 276 δ’
507 222 578 276 ἀν
617 223 646 276 6
686 224 942 293 πράττων
982 223 1121 276 αὐτὰ
1160 223 1439 291 διάθηται,
1478 229 1706 275 τοιαῦτα
1735 219 1826 274 καὶ

135 315 405 382 φαίνεται,
444 312 667 381 χρηστά,
708 312 805 365 ἐὰν
843 313 981 366 καλὰ
1018 307 1071 381 ᾗ,
1110 311 1342 380 πονηρά,
1383 309 1480 364 ἐὰν
1511 311 1686 373 οὕτως
1718 313 1826 380 ἔχῃ,

134 403 403 470 φαίνεται.
461 401 544 454 19.
582 402 649 454 τὰ
696 400 747 454 δ’
791 400 910 470 ἐμοὶ
958 399 1391 469 πεπολιτευμένα
1438 408 1689 468 τοιαῦτα,
1737 392 1827 452 οἶα

132 489 259 559 μηδ’
293 489 362 543 ἂν
394 490 422 544 6
448 493 659 559 Μῶμος
682 492 998 560 μωμήσαιτό
1034 492 1040 558 Ι
1076 504 1262 560 φασιν.
1297 490 1343 542 εἰ
1377 486 1436 542 δε
1470 490 1557 542 δεῖ
1577 509 1643 556 με
1695 493 1752 537 Η
1769 491 1833 536 IV
1859 496 1914 535 55

133 578 261 632 καθ’
324 579 555 648 ἑκάστην
617 581 799 633 αἰτίαν
868 578 1170 649 ἀφειμένον
1233 580 1540 645 δεικνύναι,
1600 578 1824 647 ἀφεῐμαι
1873 597 1892 629 5

131 672 467 738 παρανόμων
498 669 617 738 μέν,
644 668 730 739 ἐφ’
770 662 852 732 οἷς
883 669 1173 738 γράψαντά
1203 688 1268 735 με
1309 667 1493 731 οὐδεὶς
1533 666 1825 738 ἐγράψατο,

130 761 570 827 παραπρεσβείας
621 758 707 825 δέ,
759 756 846 828 ἐφ’
894 752 977 821 οἷς
1028 759 1370 827 πρεσβεύσας
1415 757 1676 820 πολλάκις
1724 757 1827 809 οὐκ

130 845 377 917 ἠτίαμαι,
431 846 522 900 καὶ
577 847 705 901 καθ’
752 847 983 901 εκαστον
1034 850 1301 916 ἔγκλημα,
1356 845 1426 899 ἵν’
1482 847 1554 909 ὡς
1601 847 1825 915 τάχιστα

130 943 226 1004 τῆς
264 937 579 1006 δυσφημίας
611 936 904 1005 ἀπαλλαγῶ
937 936 1155 1004 ταύτης,
1191 936 1274 989 ὅτι
1308 956 1367 1004 γε
1400 934 1522 1005 μηδ’
1563 934 1826 998 ἐναντίως

129 1022 303 1093 μηδεν
343 1025 604 1093 ἐκρί.νατε
645 1025 769 1080 ὥστ’
811 1024 895 1095 ἐφ’
943 1019 988 1098 ᾧ
1019 1024 1121 1095 μὲν
1154 1021 1314 1088 οὗτος
1347 1024 1642 1095 ἐπαίρεται,
1674 1024 1822 1093 κάγὼ
1848 1042 1892 1075 10

130 1134 520 1186 φανερωτερον
567 1116 795 1185 ἀφεῑμαι
842 1117 1046 1178 παντὸς
1095 1115 1445 1184 ἐγκλήματος,
1500 1115 1560 1167 τὸ
1610 1115 1671 1167 δὲ
1727 1122 1822 1167 τοῦ

131 1205 395 1272 Κεφάλου
434 1207 606 1258 καλὸν
646 1205 747 1258 οὐκ
787 1205 857 1258 ἂν
895 1201 1058 1267 οὗτος
1097 1207 1274 1258 εἰπεῖν
1312 1202 1443 1274 ἔχοι.
1498 1204 1582 1256 20.
1630 1204 1719 1256 καὶ
1753 1206 1823 1256 σὺ

127 1293 230 1359 μὲν
267 1294 366 1346 τὸν
405 1295 560 1347 δεῖνα
600 1294 867 1362 διάβολον
904 1295 995 1347 καὶ
1034 1295 1132 1347 τὸν
1174 1296 1330 1347 δεῖνα
1369 1298 1676 1362 φιλαίτιον,
1718 1293 1821 1360 ἐγὼ

129 1378 189 1434 δὲ
229 1385 608 1451 συκοφαντίαν
641 1384 815 1452 αὐτὴν
847 1383 1085 1452 ἐνίκησα,
1119 1378 1161 1456 ᾧ
1187 1382 1313 1452 μηδ’
1351 1382 1673 1451 ἀντιβλέψαι
1711 1391 1823 1435 τῶν

127 1471 334 1538 ταύτην
387 1473 488 1540 τὴν
542 1471 739 1541 τέχνην
785 1471 1025 1541 ἐχόντων
1073 1471 1336 1541 ἐτόλμησέ
1380 1490 1474 1534 τις.
1527 1474 1715 1542 πολλῷ
1761 1467 1822 1523 δὲ
1847 1487 1889 1520 1⁵

127 1565 204 1630 τῷ
261 1562 509 1628 περιόντι
567 1570 703 1614 νικῶ
759 1563 991 1625 τούτους
1046 1557 1125 1614 ὧν
1176 1563 1245 1613 σὺ
1301 1559 1371 1613 δι’
1434 1560 1648 1628 ἀγῶνος
1693 1579 1821 1629 κρα-

127 1657 252 1710 τεῖς.
292 1657 456 1702 τοῦτο
495 1648 586 1702 καὶ
628 1652 967 1720 στρατιώτου
1000 1650 1228 1719 βέβαιον
1260 1651 1473 1718 κράτος,
1513 1642 1555 1722 ᾧ
1580 1647 1706 1718 μηδ’
1744 1649 1822 1711 εἰς

128 1746 309 1806 χεῖρας
371 1736 560 1791 ἐλθεῖν
622 1738 988 1808 ὑπομένουσι,
1042 1737 1132 1792 καὶ
1189 1739 1402 1814 ἀθλητῇ
1457 1738 1820 1807 καθαρωτάτη

126 1824 216 1878 καὶ
257 1825 668 1895 ἀπροφάσιστος
707 1829 739 1897 ἡ
780 1829 928 1897 νίκη,
969 1822 1010 1900 ᾧ
1050 1829 1240 1896 μηδεὶς
1288 1827 1547 1897 ἀθλητῶν
1586 1827 1821 1880 ἀνταπο-

128 1916 314 1968 δύεται
361 1921 435 1987 τῷ
477 1924 699 1989 φανερῷ
740 1925 836 1986 τῆς
881 1918 1152 1987 ὑπεροχῆς
1197 1917 1287 1970 καὶ
1334 1917 1440 1986 πρὸ
1488 1924 1583 1984 τῆς
1629 1917 1820 1984 πείρας
1844 1934 1888 1966 20

126 2008 652 2074 παρακεχωρηκότες.
692 2006 720 2059 6
761 2006 863 2075 μὲν
901 2007 1006 2077 γὰρ
1040 2006 1112 2069 ὡς
1144 2006 1334 2075 ὅμοιος
1365 2004 1398 2074 ἢ
1430 2008 1629 2074 χείρων
1660 2024 1818 2057 κατα-

128 2097 484 2190 φρονηθείς,
508 2095 556 2147 εἰ
603 2094 693 2147 καὶ
740 2094 1108 2164 περιγένοιτο,
1156 2096 1291 2165 τύχῃ
1345 2098 1554 2162 μᾶλλον
1594 2094 1626 2163 ἢ
1667 2094 1817 2163 ρώμῃ

127 2268 189 2311 VI
214 2214 284 2322 ὃζ
289 2209 407 2312 {lata
420 2224 514 2267 rep.
525 2210 588 2254 VI
604 2226 650 2267 p.
662 2211 800 2254 487A
924 2216 975 2254 12
993 2211 1124 2254 Dcm.
1144 2225 1234 2255 cor.
1252 2226 1298 2268 p.
1310 2215 1410 2264 310,
1423 2215 1478 2254 28
1602 2214 1655 2254 19
1673 2209 1815 2252 Thuc

245 2379 271 2417 4
303 2373 363 2430 μὴ
389 2371 434 2417 δ’
465 2351 509 2419 P
534 2376 539 2430 Ι
568 2388 712 2430 φησιν
744 2374 848 2418 coni
879 2373 1121 2417 Hertlinus
1153 2377 1202 2418 at
1234 2373 1291 2418 cf.
1322 2375 1354 2417 t.
1381 2374 1444 2417 III
1470 2377 1583 2427 33,2
1618 2385 1689 2429 cp.
1718 2377 1813 2415 109.

129 2436 226 2476 194.
262 2437 359 2477 758.
397 2437 509 2477 1125
553 2435 560 2489 Ι
603 2433 655 2478 δὲ
686 2436 760 2478 δεῖ
789 2433 955 2489 scripsi
987 2436 1176 2477 auctore
1209 2433 1421 2478 Hertlino
1483 2431 1527 2475 δ’
1566 2432 1658 2476 ἔδει
1685 2433 1821 2476 ΜαΡ

246 2497 270 2535 5
304 2494 546 2537 δεικνῦναι
570 2493 615 2537 Ρ
750 2498 772 2535 7
808 2490 887 2548 ἐφ’
923 2493 1087 2548 scripsi
1150 2493 1198 2538 ἐν
1226 2494 1362 2537 ΜαΡ
1407 2496 1412 2548 Ι
1464 2493 1549 2535 οὐκ
1581 2491 1743 2558 scripsi

127 2548 233 2596 οὐδ’
263 2553 400 2596 ΜαΡ
517 2557 542 2595 9
576 2551 645 2596 ὅτι
678 2552 842 2608 scripsi
904 2551 949 2596 οἱ
975 2553 1112 2596 ΜαΡ
1169 2549 1248 2607 ἐφ’
1284 2549 1355 2602 οἷς
1386 2552 1496 2595 olim
1530 2551 1694 2607 scripsi
1722 2553 1727 2607 Ι
1755 2567 1814 2606 μη

126 2607 175 2653 δ’
206 2611 342 2654 ΜαΡ
483 2616 537 2654 14
575 2604 609 2669 ᾧ
650 2610 813 2668 scripsi
874 2606 902 2670 ᾗ
938 2612 1075 2656 ΜαΡ
1121 2614 1126 2667 Ι
1177 2611 1236 2668 μὴ
1278 2608 1326 2654 δ’
1359 2612 1494 2655 ΜαΡ
1636 2614 1688 2653 15
1732 2609 1815 2665 τὴν

127 2697 375 2743 delendum
407 2701 564 2743 censet
595 2699 795 2743 Cobetus
921 2706 973 2744 16
1003 2717 1088 2744 του
1119 2702 1165 2744 Ρ
1307 2705 1358 2743 17
1401 2714 1595 2754 στρατιω
1622 2700 1668 2743 Ρ
1706 2702 1710 2750 Ι
1754 2698 1813 2753 μὴ

126 2754 174 2800 δ’
204 2758 342 2802 ΜαΡ
483 2764 535 2802 18
577 2759 656 2802 καὶ
686 2758 868 2815 ἀθλητῆ
913 2759 1224 2814 καθαρωτέρα
1255 2758 1327 2802 bis
1354 2759 1399 2801 Ρ
1445 2760 1450 2814 Ι
1500 2756 1814 2824 καθαρωτάτη

127 2817 290 2873 scripsi
351 2817 660 2873 καθαρωτέρα
687 2819 824 2862 ΜαΡ
940 2823 994 2862 21
1027 2816 1486 2875 παρακεχωρηκότων
1511 2816 1624 2860 olim
1649 2815 1814 2872 scripsi

126 2876 176 2918 at
208 2875 264 2919 cf.
297 2876 452 2920 Herm.
478 2876 563 2920 XII
587 2881 657 2931 22,
675 2882 744 2920 23.
777 2879 811 2920 t
835 2877 858 2920 I
887 2882 1061 2930 192,14
1094 2876 1281 2932 aliaque
1313 2875 1525 2932 exempla
1555 2889 1584 2919 a,
1614 2889 1688 2919 me
1722 2874 1813 2918 eol-

125 2933 248 2978 lecta
277 2935 327 2978 in
358 2936 616 2981 Francesco
650 2937 940 2981 Zambeccari
968 2951 1012 2992 p.
1040 2941 1125 2979 212
