<?xml version="1.0" encoding="UTF-8"?>
<!DOCTYPE html PUBLIC "-//W3C//DTD XHTML 1.0 Transitional//EN"
    "http://www.w3.org/TR/xhtml1/DTD/xhtml1-transitional.dtd">
<html xmlns="http://www.w3.org/1999/xhtml" xml:lang="en" lang="en">
 <head>
  <title>
</title>
<meta http-equiv="Content-Type" content="text/html;charset=utf-8" />
  <meta name='ocr-system' content='tesseract 3.04.00' />
  <meta name='ocr-capabilities' content='ocr_page ocr_carea ocr_par ocr_line ocrx_word'/>
</head>
<body>
  <div class='ocr_page' id='page_1' title='image "./operarecensuitri06libauoft_0482.png"; bbox 0 0 2010 3168; ppageno 0'>
   <div class='ocr_carea' id='block_1_1' title="bbox 219 119 1463 172">
    <p class='ocr_par' dir='ltr' id='par_1_1' title="bbox 219 119 1463 172">
     <span class='ocr_line' id='line_1_1' title="bbox 219 119 1463 172; baseline -0.005 0"><span class='ocrx_word' id='word_1_1' title='bbox 219 119 331 172; x_wconf 71' lang='lat'><strong>4‘74</strong></span> <span class='ocrx_word' id='word_1_2' title='bbox 659 119 886 164; x_wconf 88' lang='lat' dir='ltr'><strong>LIBANH</strong></span> <span class='ocrx_word' id='word_1_3' title='bbox 915 120 1304 166; x_wconf 86' lang='lat' dir='ltr'><strong>DECLAMATIO</strong></span> <span class='ocrx_word' id='word_1_4' title='bbox 1337 121 1463 166; x_wconf 90' lang='lat' dir='ltr'><em>XXV</em></span> 
     </span>
    </p>
   </div>
   <div class='ocr_carea' id='block_1_2' title="bbox 127 254 1906 1397">
    <p class='ocr_par' dir='ltr' id='par_1_2' title="bbox 127 254 1906 594">
     <span class='ocr_line' id='line_1_2' title="bbox 127 254 1906 327; baseline 0.004 -23"><span class='ocrx_word' id='word_1_5' title='bbox 127 261 348 306; x_wconf 81' lang='lat' dir='ltr'>R1V435</span> <span class='ocrx_word' id='word_1_6' title='bbox 396 255 534 325; x_wconf 87' lang='grc' dir='ltr'><em>ἀνὴρ</em></span> <span class='ocrx_word' id='word_1_7' title='bbox 570 255 578 325; x_wconf 89' lang='grc' dir='ltr'>Ι</span> <span class='ocrx_word' id='word_1_8' title='bbox 614 254 801 327; x_wconf 77' lang='grc' dir='ltr'><em>ἑταίρᾳ</em></span> <span class='ocrx_word' id='word_1_9' title='bbox 854 257 1041 309; x_wconf 83' lang='grc' dir='ltr'><em>συνὼν</em></span> <span class='ocrx_word' id='word_1_10' title='bbox 1093 258 1184 310; x_wconf 86' lang='grc' dir='ltr'><em>καὶ</em></span> <span class='ocrx_word' id='word_1_11' title='bbox 1237 267 1356 321; x_wconf 86' lang='grc' dir='ltr'><em>ταῖς</em></span> <span class='ocrx_word' id='word_1_12' title='bbox 1408 256 1631 327; x_wconf 80' lang='grc' dir='ltr'><em>ἡμέραις</em></span> <span class='ocrx_word' id='word_1_13' title='bbox 1685 255 1906 312; x_wconf 83' lang='grc' dir='ltr'><em>ἐπισυν-</em></span> 
     </span>
     <span class='ocr_line' id='line_1_3' title="bbox 215 344 1905 417; baseline 0.002 -19"><span class='ocrx_word' id='word_1_14' title='bbox 215 344 401 398; x_wconf 89' lang='grc' dir='ltr'><em>άπτων</em></span> <span class='ocrx_word' id='word_1_15' title='bbox 438 346 534 408; x_wconf 79' lang='grc' dir='ltr'><em>τὰς</em></span> <span class='ocrx_word' id='word_1_16' title='bbox 571 346 787 407; x_wconf 88' lang='grc' dir='ltr'><em>νύκτας.</em></span> <span class='ocrx_word' id='word_1_17' title='bbox 827 346 1036 398; x_wconf 81' lang='grc' dir='ltr'><em>οὔκουν</em></span> <span class='ocrx_word' id='word_1_18' title='bbox 1075 345 1299 415; x_wconf 83' lang='grc' dir='ltr'><em>ἀμεῖψαι</em></span> <span class='ocrx_word' id='word_1_19' title='bbox 1330 347 1431 415; x_wconf 88' lang='grc' dir='ltr'><em>τὴν</em></span> <span class='ocrx_word' id='word_1_20' title='bbox 1464 348 1638 416; x_wconf 89' lang='grc' dir='ltr'><em>φύσιν</em></span> <span class='ocrx_word' id='word_1_21' title='bbox 1671 353 1905 417; x_wconf 76' lang='grc' dir='ltr'><em>ἴσχυσαν</em></span> 
     </span>
     <span class='ocr_line' id='line_1_4' title="bbox 215 431 1906 504; baseline 0.003 -18"><span class='ocrx_word' id='word_1_22' title='bbox 215 431 294 487; x_wconf 78' lang='grc' dir='ltr'><em>ἔτι</em></span> <span class='ocrx_word' id='word_1_23' title='bbox 339 435 406 486; x_wconf 83' lang='grc' dir='ltr'><em>τὰ</em></span> <span class='ocrx_word' id='word_1_24' title='bbox 450 434 652 502; x_wconf 90' lang='grc' dir='ltr'><em>γύναια</em></span> <span class='ocrx_word' id='word_1_25' title='bbox 698 433 1011 503; x_wconf 79' lang='grc' dir='ltr'><em>λαβομένην</em></span> <span class='ocrx_word' id='word_1_26' title='bbox 1057 435 1195 499; x_wconf 77' lang='grc' dir='ltr'><em>ἅπαξ</em></span> <span class='ocrx_word' id='word_1_27' title='bbox 1243 436 1613 504; x_wconf 76' lang='grc' dir='ltr'><em>ἡδυπαθείας,</em></span> <span class='ocrx_word' id='word_1_28' title='bbox 1663 436 1778 491; x_wconf 87' lang='grc' dir='ltr'><em>ἀλλ’</em></span> <span class='ocrx_word' id='word_1_29' title='bbox 1826 435 1906 490; x_wconf 77' lang='grc' dir='ltr'><em>ἔτι</em></span> 
     </span>
     <span class='ocr_line' id='line_1_5' title="bbox 215 523 1906 594; baseline 0.004 -19"><span class='ocrx_word' id='word_1_30' title='bbox 215 523 304 576; x_wconf 82' lang='grc' dir='ltr'><em>καὶ</em></span> <span class='ocrx_word' id='word_1_31' title='bbox 349 530 458 576; x_wconf 87' lang='grc' dir='ltr'><em>νῦν</em></span> <span class='ocrx_word' id='word_1_32' title='bbox 506 523 943 594; x_wconf 77' lang='grc' dir='ltr'><em>ἁμαρτάνουσιν,</em></span> <span class='ocrx_word' id='word_1_33' title='bbox 992 526 1040 577; x_wconf 88' lang='grc' dir='ltr'><em>εἰ</em></span> <span class='ocrx_word' id='word_1_34' title='bbox 1087 527 1159 594; x_wconf 89' lang='grc' dir='ltr'><em>μή</em></span> <span class='ocrx_word' id='word_1_35' title='bbox 1206 545 1288 587; x_wconf 88' lang='grc' dir='ltr'><em>τις</em></span> <span class='ocrx_word' id='word_1_36' title='bbox 1336 525 1501 588; x_wconf 81' lang='grc' dir='ltr'><em>αὐτὰς</em></span> <span class='ocrx_word' id='word_1_37' title='bbox 1548 528 1750 594; x_wconf 92' lang='grc' dir='ltr'><em>τρόπος</em></span> <span class='ocrx_word' id='word_1_38' title='bbox 1802 547 1906 580; x_wconf 90' lang='grc' dir='ltr'><em>κω-</em></span> 
     </span>
    </p>

    <p class='ocr_par' dir='ltr' id='par_1_3' title="bbox 176 613 417 666">
     <span class='ocr_line' id='line_1_6' title="bbox 176 613 417 666; baseline -0.004 0"><span class='ocrx_word' id='word_1_39' title='bbox 176 633 195 666; x_wconf 82' lang='lat'><strong>5</strong></span> <span class='ocrx_word' id='word_1_40' title='bbox 221 613 417 665; x_wconf 84' lang='grc' dir='ltr'><strong><em>λύσειε.</em></strong></span> 
     </span>
    </p>

    <p class='ocr_par' dir='ltr' id='par_1_4' title="bbox 206 700 1905 1041">
     <span class='ocr_line' id='line_1_7' title="bbox 329 700 1904 777; baseline 0.002 -23"><span class='ocrx_word' id='word_1_41' title='bbox 329 701 413 754; x_wconf 92' lang='grc'><em>10.</em></span> <span class='ocrx_word' id='word_1_42' title='bbox 461 701 694 755; x_wconf 79' lang='grc' dir='ltr'><strong><em>Μέλλων</em></strong></span> <span class='ocrx_word' id='word_1_43' title='bbox 750 700 811 755; x_wconf 80' lang='grc' dir='ltr'><em>δὲ</em></span> <span class='ocrx_word' id='word_1_44' title='bbox 864 703 1176 764; x_wconf 77' lang='grc' dir='ltr'><em>κατάπλους</em></span> <span class='ocrx_word' id='word_1_45' title='bbox 1230 703 1317 756; x_wconf 83' lang='grc' dir='ltr'><em>ἐπὶ</em></span> <span class='ocrx_word' id='word_1_46' title='bbox 1371 705 1472 772; x_wconf 85' lang='grc' dir='ltr'><em>τὴν</em></span> <span class='ocrx_word' id='word_1_47' title='bbox 1526 702 1747 777; x_wconf 76' lang='grc' dir='ltr'><em>ἑταίραν</em></span> <span class='ocrx_word' id='word_1_48' title='bbox 1792 714 1904 757; x_wconf 84' lang='grc' dir='ltr'><em>τῶν</em></span> 
     </span>
     <span class='ocr_line' id='line_1_8' title="bbox 206 788 1904 862; baseline 0.002 -19"><span class='ocrx_word' id='word_1_49' title='bbox 206 788 485 860; x_wconf 85' lang='grc' dir='ltr'><em>Ἑλλήνων</em></span> <span class='ocrx_word' id='word_1_50' title='bbox 537 790 977 860; x_wconf 90' lang='grc' dir='ltr'><em>ἀπαριθμεῖσθαι</em></span> <span class='ocrx_word' id='word_1_51' title='bbox 1031 793 1130 861; x_wconf 81' lang='grc' dir='ltr'><em>τὴν</em></span> <span class='ocrx_word' id='word_1_52' title='bbox 1188 791 1415 856; x_wconf 79' lang='grc' dir='ltr'><em>ἀδοξίαν</em></span> <span class='ocrx_word' id='word_1_53' title='bbox 1468 794 1568 862; x_wconf 88' lang='grc' dir='ltr'><em>τὴν</em></span> <span class='ocrx_word' id='word_1_54' title='bbox 1623 793 1758 862; x_wconf 79' lang='grc' dir='ltr'><em>ἐμὴν</em></span> <span class='ocrx_word' id='word_1_55' title='bbox 1812 791 1904 847; x_wconf 84' lang='grc' dir='ltr'><em>καὶ</em></span> 
     </span>
     <span class='ocr_line' id='line_1_9' title="bbox 214 879 1904 949; baseline 0.002 -17"><span class='ocrx_word' id='word_1_56' title='bbox 214 887 309 948; x_wconf 79' lang='grc' dir='ltr'><em>τῆς</em></span> <span class='ocrx_word' id='word_1_57' title='bbox 346 881 556 942; x_wconf 88' lang='grc' dir='ltr'><em>πόλεως</em></span> <span class='ocrx_word' id='word_1_58' title='bbox 595 881 790 943; x_wconf 86' lang='grc' dir='ltr'><em>δεδιὼς</em></span> <span class='ocrx_word' id='word_1_59' title='bbox 841 879 1246 948; x_wconf 78' lang='grc' dir='ltr'><em>ἐγκαλύπτομαι</em></span> <span class='ocrx_word' id='word_1_60' title='bbox 1292 889 1456 935; x_wconf 86' lang='grc' dir='ltr'><em>τοῦτο</em></span> <span class='ocrx_word' id='word_1_61' title='bbox 1503 880 1604 949; x_wconf 74' lang='grc' dir='ltr'><em>μὲν</em></span> <span class='ocrx_word' id='word_1_62' title='bbox 1653 883 1730 945; x_wconf 85' lang='grc' dir='ltr'><em>εἰς</em></span> <span class='ocrx_word' id='word_1_63' title='bbox 1775 882 1904 936; x_wconf 89' lang='grc' dir='ltr'><em>ἀνά-</em></span> 
     </span>
     <span class='ocr_line' id='line_1_10' title="bbox 213 968 1905 1041; baseline 0.002 -20"><span class='ocrx_word' id='word_1_64' title='bbox 213 981 416 1038; x_wconf 90' lang='grc' dir='ltr'><em>μνησιν</em></span> <span class='ocrx_word' id='word_1_65' title='bbox 471 970 625 1038; x_wconf 78' lang='grc' dir='ltr'><em>ἄγων</em></span> <span class='ocrx_word' id='word_1_66' title='bbox 677 978 773 1038; x_wconf 84' lang='grc' dir='ltr'><em>τῆς</em></span> <span class='ocrx_word' id='word_1_67' title='bbox 819 972 1082 1037; x_wconf 74' lang='grc' dir='ltr'><em>πατρίδος</em></span> <span class='ocrx_word' id='word_1_68' title='bbox 1130 971 1226 1034; x_wconf 80' lang='grc' dir='ltr'><em>τὰς</em></span> <span class='ocrx_word' id='word_1_69' title='bbox 1272 972 1585 1041; x_wconf 89' lang='grc' dir='ltr'><em>συμφοράς,</em></span> <span class='ocrx_word' id='word_1_70' title='bbox 1639 979 1802 1024; x_wconf 87' lang='grc' dir='ltr'><em>τοῦτο</em></span> <span class='ocrx_word' id='word_1_71' title='bbox 1843 968 1905 1024; x_wconf 77' lang='grc' dir='ltr'><em>δὲ</em></span> 
     </span>
    </p>

    <p class='ocr_par' dir='ltr' id='par_1_5' title="bbox 149 1057 1905 1397">
     <span class='ocr_line' id='line_1_11' title="bbox 149 1057 1904 1129; baseline 0.001 -18"><span class='ocrx_word' id='word_1_72' title='bbox 149 1079 191 1111; x_wconf 92' lang='lat'><em>10</em></span> <span class='ocrx_word' id='word_1_73' title='bbox 216 1057 395 1127; x_wconf 87' lang='grc' dir='ltr'><em>λέγειν</em></span> <span class='ocrx_word' id='word_1_74' title='bbox 450 1058 887 1128; x_wconf 78' lang='grc' dir='ltr'><em>ἀναγκαζόμενος</em></span> <span class='ocrx_word' id='word_1_75' title='bbox 941 1059 973 1112; x_wconf 76' lang='grc' dir='ltr'><strong><em>ἃ</em></strong></span> <span class='ocrx_word' id='word_1_76' title='bbox 1027 1061 1098 1129; x_wconf 85' lang='grc' dir='ltr'><em>μὴ</em></span> <span class='ocrx_word' id='word_1_77' title='bbox 1160 1059 1353 1129; x_wconf 83' lang='grc' dir='ltr'><em>πρέπει</em></span> <span class='ocrx_word' id='word_1_78' title='bbox 1414 1069 1529 1122; x_wconf 92' lang='grc' dir='ltr'><em>τοῖς</em></span> <span class='ocrx_word' id='word_1_79' title='bbox 1589 1059 1751 1124; x_wconf 81' lang='grc' dir='ltr'><em>ἀξίως</em></span> <span class='ocrx_word' id='word_1_80' title='bbox 1810 1068 1904 1129; x_wconf 83' lang='grc' dir='ltr'><em>τῆς</em></span> 
     </span>
     <span class='ocr_line' id='line_1_12' title="bbox 218 1145 1905 1219; baseline 0.001 -19"><span class='ocrx_word' id='word_1_81' title='bbox 218 1150 515 1218; x_wconf 84' lang='grc' dir='ltr'><em>Κορίνθου</em></span> <span class='ocrx_word' id='word_1_82' title='bbox 563 1157 849 1218; x_wconf 75' lang='grc' dir='ltr'><em>γραφεῖσι,</em></span> <span class='ocrx_word' id='word_1_83' title='bbox 904 1147 995 1202; x_wconf 84' lang='grc' dir='ltr'><em>καὶ</em></span> <span class='ocrx_word' id='word_1_84' title='bbox 1051 1148 1275 1202; x_wconf 88' lang='grc' dir='ltr'><em>δέδοικα</em></span> <span class='ocrx_word' id='word_1_85' title='bbox 1321 1150 1392 1219; x_wconf 80' lang='grc' dir='ltr'><em>μὴ</em></span> <span class='ocrx_word' id='word_1_86' title='bbox 1442 1147 1582 1213; x_wconf 81' lang='grc' dir='ltr'><em>δόξω</em></span> <span class='ocrx_word' id='word_1_87' title='bbox 1629 1169 1711 1211; x_wconf 89' lang='grc' dir='ltr'><em>τις</em></span> <span class='ocrx_word' id='word_1_88' title='bbox 1764 1145 1905 1202; x_wconf 84' lang='grc' dir='ltr'><em>εἶναι</em></span> 
     </span>
     <span class='ocr_line' id='line_1_13' title="bbox 214 1237 1904 1308; baseline 0.001 -19"><span class='ocrx_word' id='word_1_89' title='bbox 214 1239 502 1306; x_wconf 91' lang='grc' dir='ltr'><em>μισόπολις</em></span> <span class='ocrx_word' id='word_1_90' title='bbox 558 1237 745 1308; x_wconf 81' lang='grc' dir='ltr'><em>φέρων</em></span> <span class='ocrx_word' id='word_1_91' title='bbox 795 1239 872 1300; x_wconf 88' lang='grc' dir='ltr'><em>εἰς</em></span> <span class='ocrx_word' id='word_1_92' title='bbox 918 1237 1087 1305; x_wconf 81' lang='grc' dir='ltr'><em>μέσον</em></span> <span class='ocrx_word' id='word_1_93' title='bbox 1133 1239 1198 1291; x_wconf 81' lang='grc' dir='ltr'><em>τὰ</em></span> <span class='ocrx_word' id='word_1_94' title='bbox 1244 1239 1316 1306; x_wconf 89' lang='grc' dir='ltr'><em>μὴ</em></span> <span class='ocrx_word' id='word_1_95' title='bbox 1363 1243 1541 1301; x_wconf 85' lang='grc' dir='ltr'><em>καλῶς</em></span> <span class='ocrx_word' id='word_1_96' title='bbox 1585 1237 1904 1308; x_wconf 84' lang='grc' dir='ltr'><em>πραχθέντα</em></span> 
     </span>
     <span class='ocr_line' id='line_1_14' title="bbox 217 1325 1903 1397; baseline 0.001 -19"><span class='ocrx_word' id='word_1_97' title='bbox 217 1325 275 1378; x_wconf 87' lang='grc' dir='ltr'><em>ἐν</em></span> <span class='ocrx_word' id='word_1_98' title='bbox 313 1327 498 1396; x_wconf 81' lang='grc' dir='ltr'><em>ταύτῃ.</em></span> <span class='ocrx_word' id='word_1_99' title='bbox 537 1327 599 1379; x_wconf 92' lang='grc' dir='ltr'><em>τὸ</em></span> <span class='ocrx_word' id='word_1_100' title='bbox 640 1328 744 1397; x_wconf 81' lang='grc' dir='ltr'><em>γὰρ</em></span> <span class='ocrx_word' id='word_1_101' title='bbox 787 1326 994 1380; x_wconf 86' lang='grc' dir='ltr'><em>ἀτόπου</em></span> <span class='ocrx_word' id='word_1_102' title='bbox 1034 1327 1420 1396; x_wconf 87' lang='grc' dir='ltr'><em>πεπραγμένου</em></span> <span class='ocrx_word' id='word_1_103' title='bbox 1453 1328 1601 1390; x_wconf 84' lang='grc' dir='ltr'><em>τινὸς</em></span> <span class='ocrx_word' id='word_1_104' title='bbox 1641 1328 1742 1381; x_wconf 89' lang='grc' dir='ltr'><em>οὐκ</em></span> <span class='ocrx_word' id='word_1_105' title='bbox 1782 1326 1903 1380; x_wconf 81' lang='grc' dir='ltr'><em>ἐθέ-</em></span> 
     </span>
    </p>
   </div>
   <div class='ocr_carea' id='block_1_3' title="bbox 216 1413 1996 1486">
    <p class='ocr_par' dir='ltr' id='par_1_6' title="bbox 216 1413 1996 1486">
     <span class='ocr_line' id='line_1_15' title="bbox 216 1413 1996 1486; baseline 0.001 -18"><span class='ocrx_word' id='word_1_106' title='bbox 216 1419 334 1468; x_wconf 91' lang='grc' dir='ltr'><em>λειν</em></span> <span class='ocrx_word' id='word_1_107' title='bbox 372 1416 595 1485; x_wconf 80' lang='grc' dir='ltr'><em>ἠρεμεῖν</em></span> <span class='ocrx_word' id='word_1_108' title='bbox 633 1413 724 1469; x_wconf 88' lang='grc' dir='ltr'><em>καὶ</em></span> <span class='ocrx_word' id='word_1_109' title='bbox 762 1424 826 1486; x_wconf 77' lang='grc' dir='ltr'><em>τῇ</em></span> <span class='ocrx_word' id='word_1_110' title='bbox 869 1423 1045 1486; x_wconf 75' lang='grc' dir='ltr'><em>σιωπῇ</em></span> <span class='ocrx_word' id='word_1_111' title='bbox 1084 1417 1145 1469; x_wconf 91' lang='grc' dir='ltr'><em>τὸ</em></span> <span class='ocrx_word' id='word_1_112' title='bbox 1187 1417 1368 1479; x_wconf 80' lang='grc' dir='ltr'><em>πάθος</em></span> <span class='ocrx_word' id='word_1_113' title='bbox 1407 1416 1727 1485; x_wconf 87' lang='grc' dir='ltr'><em>ἀμβλύνειν,</em></span> <span class='ocrx_word' id='word_1_114' title='bbox 1767 1415 1903 1469; x_wconf 83' lang='grc' dir='ltr'><em>ἀλλὰ</em></span> <span class='ocrx_word' id='word_1_115' title='bbox 1993 1451 1996 1454; x_wconf 66' lang='grc'><em>»</em></span> 
     </span>
    </p>
   </div>
   <div class='ocr_carea' id='block_1_4' title="bbox 148 1504 1904 2286">
    <p class='ocr_par' dir='ltr' id='par_1_7' title="bbox 148 1504 1904 1933">
     <span class='ocr_line' id='line_1_16' title="bbox 148 1504 1904 1574; baseline 0 -17"><span class='ocrx_word' id='word_1_116' title='bbox 148 1525 190 1558; x_wconf 84' lang='lat'><em>15</em></span> <span class='ocrx_word' id='word_1_117' title='bbox 215 1506 375 1573; x_wconf 88' lang='grc' dir='ltr'><em>δίκην</em></span> <span class='ocrx_word' id='word_1_118' title='bbox 413 1506 717 1573; x_wconf 88' lang='grc' dir='ltr'><em>βούλεσθαι</em></span> <span class='ocrx_word' id='word_1_119' title='bbox 755 1514 867 1558; x_wconf 83' lang='grc' dir='ltr'><em>τῶν</em></span> <span class='ocrx_word' id='word_1_120' title='bbox 905 1504 1282 1574; x_wconf 81' lang='grc' dir='ltr'><em>γεγενημένων</em></span> <span class='ocrx_word' id='word_1_121' title='bbox 1321 1507 1511 1574; x_wconf 88' lang='grc' dir='ltr'><em>λαβεῖν</em></span> <span class='ocrx_word' id='word_1_122' title='bbox 1543 1507 1620 1568; x_wconf 90' lang='grc' dir='ltr'><em>είς</em></span> <span class='ocrx_word' id='word_1_123' title='bbox 1653 1504 1904 1558; x_wconf 82' lang='grc' dir='ltr'><em>ἐπίδοσιν</em></span> 
     </span>
     <span class='ocr_line' id='line_1_17' title="bbox 213 1592 1902 1664; baseline 0 -18"><span class='ocrx_word' id='word_1_124' title='bbox 213 1592 427 1662; x_wconf 89' lang='grc' dir='ltr'><em>πέφυκε</em></span> <span class='ocrx_word' id='word_1_125' title='bbox 465 1597 676 1660; x_wconf 81' lang='grc' dir='ltr'><em>μᾶλλον</em></span> <span class='ocrx_word' id='word_1_126' title='bbox 715 1595 869 1662; x_wconf 76' lang='grc' dir='ltr'><em>ἄγειν</em></span> <span class='ocrx_word' id='word_1_127' title='bbox 907 1595 1009 1663; x_wconf 86' lang='grc' dir='ltr'><em>τὴν</em></span> <span class='ocrx_word' id='word_1_128' title='bbox 1046 1594 1227 1664; x_wconf 80' lang='grc' dir='ltr'><em>ὕβριν.</em></span> <span class='ocrx_word' id='word_1_129' title='bbox 1279 1595 1360 1646; x_wconf 91' lang='grc'><em>11.</em></span> <span class='ocrx_word' id='word_1_130' title='bbox 1401 1592 1519 1647; x_wconf 85' lang='grc' dir='ltr'><em>ἀλλ’</em></span> <span class='ocrx_word' id='word_1_131' title='bbox 1564 1592 1752 1662; x_wconf 79' lang='grc' dir='ltr'><em>ἐπειδὴ</em></span> <span class='ocrx_word' id='word_1_132' title='bbox 1790 1602 1902 1663; x_wconf 88' lang='grc' dir='ltr'><em>μεῖ-</em></span> 
     </span>
     <span class='ocr_line' id='line_1_18' title="bbox 217 1679 1901 1752; baseline -0.001 -16"><span class='ocrx_word' id='word_1_133' title='bbox 217 1685 308 1747; x_wconf 82' lang='grc' dir='ltr'><em>ζον</em></span> <span class='ocrx_word' id='word_1_134' title='bbox 348 1684 556 1736; x_wconf 76' lang='grc' dir='ltr'><em>ἄτοπον</em></span> <span class='ocrx_word' id='word_1_135' title='bbox 596 1679 739 1735; x_wconf 79' lang='grc' dir='ltr'><em>εἶναι</em></span> <span class='ocrx_word' id='word_1_136' title='bbox 778 1684 929 1736; x_wconf 88' lang='grc' dir='ltr'><em>δοκεῖ</em></span> <span class='ocrx_word' id='word_1_137' title='bbox 968 1684 1252 1751; x_wconf 81' lang='grc' dir='ltr'><em>’περιιδεῖν</em></span> <span class='ocrx_word' id='word_1_138' title='bbox 1298 1685 1512 1752; x_wconf 91' lang='grc' dir='ltr'><em>νόσημα</em></span> <span class='ocrx_word' id='word_1_139' title='bbox 1558 1681 1782 1751; x_wconf 85' lang='grc' dir='ltr'><em>μεγέθει</em></span> <span class='ocrx_word' id='word_1_140' title='bbox 1824 1703 1901 1735; x_wconf 88' lang='grc' dir='ltr'><em>νι-</em></span> 
     </span>
     <span class='ocr_line' id='line_1_19' title="bbox 213 1770 1902 1840; baseline 0 -16"><span class='ocrx_word' id='word_1_141' title='bbox 213 1780 326 1825; x_wconf 83' lang='grc' dir='ltr'><em>κῶν</em></span> <span class='ocrx_word' id='word_1_142' title='bbox 386 1771 478 1824; x_wconf 81' lang='grc' dir='ltr'><em>καὶ</em></span> <span class='ocrx_word' id='word_1_143' title='bbox 539 1771 740 1840; x_wconf 90' lang='grc' dir='ltr'><em>μέλλον</em></span> <span class='ocrx_word' id='word_1_144' title='bbox 802 1770 1158 1840; x_wconf 82' lang='grc' dir='ltr'><em>ἐπινέμεσθαι</em></span> <span class='ocrx_word' id='word_1_145' title='bbox 1220 1773 1389 1824; x_wconf 88' lang='grc' dir='ltr'><em>πάλιν</em></span> <span class='ocrx_word' id='word_1_146' title='bbox 1449 1773 1550 1840; x_wconf 86' lang='grc' dir='ltr'><em>τὴν</em></span> <span class='ocrx_word' id='word_1_147' title='bbox 1616 1774 1902 1839; x_wconf 89' lang='grc' dir='ltr'><em>Κόρινθον</em></span> 
     </span>
     <span class='ocr_line' id='line_1_20' title="bbox 215 1857 1899 1933; baseline -0.001 -19"><span class='ocrx_word' id='word_1_148' title='bbox 215 1862 441 1931; x_wconf 76' lang='grc' dir='ltr'><em>ἄμεινόν</em></span> <span class='ocrx_word' id='word_1_149' title='bbox 495 1880 552 1914; x_wconf 90' lang='grc' dir='ltr'><em>τε</em></span> <span class='ocrx_word' id='word_1_150' title='bbox 607 1859 908 1930; x_wconf 87' lang='grc' dir='ltr'><em>διελέγχειν</em></span> <span class='ocrx_word' id='word_1_151' title='bbox 962 1862 1107 1933; x_wconf 79' lang='grc' dir='ltr'><em>λόγῳ</em></span> <span class='ocrx_word' id='word_1_152' title='bbox 1163 1862 1221 1914; x_wconf 90' lang='grc' dir='ltr'><em>τὸ</em></span> <span class='ocrx_word' id='word_1_153' title='bbox 1269 1857 1589 1930; x_wconf 76' lang='grc' dir='ltr'><em>πραχθὲνῆ</em></span> <span class='ocrx_word' id='word_1_154' title='bbox 1638 1859 1899 1925; x_wconf 81' lang='grc' dir='ltr'><em>δέξασθαι</em></span> 
     </span>
    </p>

    <p class='ocr_par' dir='ltr' id='par_1_8' title="bbox 148 1946 1901 2197">
     <span class='ocr_line' id='line_1_21' title="bbox 148 1946 1899 2022; baseline 0 -20"><span class='ocrx_word' id='word_1_155' title='bbox 148 1970 190 2002; x_wconf 81' lang='lat'><em>20</em></span> <span class='ocrx_word' id='word_1_156' title='bbox 216 1949 474 2019; x_wconf 80' lang='grc' dir='ltr'><em>δευτέρας</em></span> <span class='ocrx_word' id='word_1_157' title='bbox 513 1949 776 2019; x_wconf 84' lang='grc' dir='ltr'><em>ἁμαρτίας</em></span> <span class='ocrx_word' id='word_1_158' title='bbox 815 1949 1012 2019; x_wconf 84' lang='grc' dir='ltr'><em>ἀρχήν,</em></span> <span class='ocrx_word' id='word_1_159' title='bbox 1060 1950 1162 2003; x_wconf 83' lang='grc' dir='ltr'><em>οὐκ</em></span> <span class='ocrx_word' id='word_1_160' title='bbox 1210 1952 1425 2019; x_wconf 83' lang='grc' dir='ltr'><em>ὀκνήσω</em></span> <span class='ocrx_word' id='word_1_161' title='bbox 1474 1950 1538 2002; x_wconf 82' lang='grc' dir='ltr'><em>τὰ</em></span> <span class='ocrx_word' id='word_1_162' title='bbox 1586 1946 1776 2022; x_wconf 77' lang='grc' dir='ltr'><em>πρῴην</em></span> <span class='ocrx_word' id='word_1_163' title='bbox 1815 1968 1899 2017; x_wconf 90' lang='grc' dir='ltr'><em>γε-</em></span> 
     </span>
     <span class='ocr_line' id='line_1_22' title="bbox 214 2037 1901 2108; baseline -0.001 -16"><span class='ocrx_word' id='word_1_164' title='bbox 214 2038 484 2108; x_wconf 90' lang='grc' dir='ltr'><em>γενημένα</em></span> <span class='ocrx_word' id='word_1_165' title='bbox 536 2037 727 2107; x_wconf 88' lang='grc' dir='ltr'><em>φέρειν</em></span> <span class='ocrx_word' id='word_1_166' title='bbox 782 2040 858 2102; x_wconf 82' lang='grc' dir='ltr'><em>εἰς</em></span> <span class='ocrx_word' id='word_1_167' title='bbox 902 2038 1096 2108; x_wconf 88' lang='grc' dir='ltr'><em>μέσον,</em></span> <span class='ocrx_word' id='word_1_168' title='bbox 1153 2040 1200 2092; x_wconf 84' lang='grc' dir='ltr'><em>εἰ</em></span> <span class='ocrx_word' id='word_1_169' title='bbox 1253 2038 1342 2091; x_wconf 84' lang='grc' dir='ltr'><em>καὶ</em></span> <span class='ocrx_word' id='word_1_170' title='bbox 1395 2046 1494 2092; x_wconf 88' lang='grc' dir='ltr'><em>τοῦ</em></span> <span class='ocrx_word' id='word_1_171' title='bbox 1548 2046 1642 2107; x_wconf 84' lang='grc' dir='ltr'><em>τῆς</em></span> <span class='ocrx_word' id='word_1_172' title='bbox 1695 2039 1901 2101; x_wconf 90' lang='grc' dir='ltr'><em>πόλεως</em></span> 
     </span>
     <span class='ocr_line' id='line_1_23' title="bbox 213 2125 1900 2197; baseline -0.001 -17"><span class='ocrx_word' id='word_1_173' title='bbox 213 2130 390 2197; x_wconf 77' lang='grc' dir='ltr'><em>ἤθους</em></span> <span class='ocrx_word' id='word_1_174' title='bbox 435 2128 523 2180; x_wconf 79' lang='grc' dir='ltr'><em>καὶ</em></span> <span class='ocrx_word' id='word_1_175' title='bbox 571 2135 665 2196; x_wconf 80' lang='grc' dir='ltr'><em>τῆς</em></span> <span class='ocrx_word' id='word_1_176' title='bbox 715 2126 845 2197; x_wconf 84' lang='grc' dir='ltr'><em>ἐμῆς</em></span> <span class='ocrx_word' id='word_1_177' title='bbox 891 2130 1168 2190; x_wconf 87' lang='grc' dir='ltr'><em>πολιτείας</em></span> <span class='ocrx_word' id='word_1_178' title='bbox 1215 2125 1313 2190; x_wconf 81' lang='grc' dir='ltr'><em>ἔξω</em></span> <span class='ocrx_word' id='word_1_179' title='bbox 1363 2128 1422 2180; x_wconf 86' lang='grc' dir='ltr'><em>τὸ</em></span> <span class='ocrx_word' id='word_1_180' title='bbox 1471 2135 1692 2197; x_wconf 82' lang='grc' dir='ltr'><em>πρᾶγμα</em></span> <span class='ocrx_word' id='word_1_181' title='bbox 1737 2128 1900 2180; x_wconf 85' lang='grc' dir='ltr'><em>δοκεῖ.</em></span> 
     </span>
    </p>

    <p class='ocr_par' dir='ltr' id='par_1_9' title="bbox 328 2208 1900 2286">
     <span class='ocr_line' id='line_1_24' title="bbox 328 2208 1900 2286; baseline 0 -17"><span class='ocrx_word' id='word_1_182' title='bbox 328 2217 410 2269; x_wconf 84' lang='grc'><em>12.</em></span> <span class='ocrx_word' id='word_1_183' title='bbox 472 2216 687 2279; x_wconf 87' lang='grc' dir='ltr'><em>Πάντες</em></span> <span class='ocrx_word' id='word_1_184' title='bbox 748 2208 830 2278; x_wconf 85' lang='grc' dir='ltr'><em>οἷς</em></span> <span class='ocrx_word' id='word_1_185' title='bbox 891 2226 1002 2269; x_wconf 84' lang='grc' dir='ltr'><em>τῶν</em></span> <span class='ocrx_word' id='word_1_186' title='bbox 1057 2215 1335 2285; x_wconf 87' lang='grc' dir='ltr'><em>Ἑλλήνων</em></span> <span class='ocrx_word' id='word_1_187' title='bbox 1404 2219 1539 2286; x_wconf 82' lang='grc' dir='ltr'><em>ἔρως</em></span> <span class='ocrx_word' id='word_1_188' title='bbox 1608 2215 1900 2279; x_wconf 83' lang='grc' dir='ltr'><em>ἀκολασίας</em></span> 
     </span>
    </p>
   </div>
   <div class='ocr_carea' id='block_1_5' title="bbox 218 2306 571 2314">
    <p class='ocr_par' dir='ltr' id='par_1_10' title="bbox 218 2306 571 2314">
     <span class='ocr_line' id='line_1_25' title="bbox 218 2306 571 2314; baseline 0 0"><span class='ocrx_word' id='word_1_189' title='bbox 218 2306 571 2314; x_wconf 95' lang='lat' dir='ltr'><em> </em></span> 
     </span>
    </p>
   </div>
   <div class='ocr_carea' id='block_1_6' title="bbox 213 2346 1897 2581">
    <p class='ocr_par' dir='ltr' id='par_1_11' title="bbox 213 2346 1897 2581">
     <span class='ocr_line' id='line_1_26' title="bbox 333 2346 1897 2405; baseline 0 -15"><span class='ocrx_word' id='word_1_190' title='bbox 333 2352 358 2390; x_wconf 99' lang='grc'>2</span> <span class='ocrx_word' id='word_1_191' title='bbox 385 2346 441 2390; x_wconf 82' lang='lat' dir='ltr'><em>cf.</em></span> <span class='ocrx_word' id='word_1_192' title='bbox 466 2347 561 2390; x_wconf 75' lang='lat' dir='ltr'>t.11</span> <span class='ocrx_word' id='word_1_193' title='bbox 578 2352 713 2403; x_wconf 82' lang='lat'>363‚7</span> <span class='ocrx_word' id='word_1_194' title='bbox 733 2362 821 2403; x_wconf 84' lang='lat' dir='ltr'>sq.;</span> <span class='ocrx_word' id='word_1_195' title='bbox 854 2352 1045 2403; x_wconf 84' lang='lat'>433,17;</span> <span class='ocrx_word' id='word_1_196' title='bbox 1079 2353 1216 2403; x_wconf 84' lang='lat'>474,8</span> <span class='ocrx_word' id='word_1_197' title='bbox 1340 2351 1365 2390; x_wconf 88' lang='grc'>6</span> <span class='ocrx_word' id='word_1_198' title='bbox 1390 2347 1548 2405; x_wconf 88' lang='lat' dir='ltr'>Epigr.</span> <span class='ocrx_word' id='word_1_199' title='bbox 1575 2347 1699 2404; x_wconf 84' lang='lat' dir='ltr'>apud</span> <span class='ocrx_word' id='word_1_200' title='bbox 1730 2346 1897 2390; x_wconf 68' lang='lat' dir='ltr'><strong>Athen.</strong></span> 
     </span>
     <span class='ocr_line' id='line_1_27' title="bbox 213 2405 1896 2464; baseline -0.001 -14"><span class='ocrx_word' id='word_1_201' title='bbox 213 2406 297 2450; x_wconf 90' lang='lat' dir='ltr'><em>XII</em></span> <span class='ocrx_word' id='word_1_202' title='bbox 327 2421 371 2463; x_wconf 86' lang='lat' dir='ltr'><em>p.</em></span> <span class='ocrx_word' id='word_1_203' title='bbox 400 2410 481 2449; x_wconf 81' lang='lat'><em>589</em></span> <span class='ocrx_word' id='word_1_204' title='bbox 500 2405 530 2448; x_wconf 90' lang='lat' dir='ltr'><strong>b</strong></span> <span class='ocrx_word' id='word_1_205' title='bbox 570 2421 609 2449; x_wconf 91' lang='lat' dir='ltr'><em>v.</em></span> <span class='ocrx_word' id='word_1_206' title='bbox 636 2411 675 2449; x_wconf 87' lang='lat'><em>2.</em></span> <span class='ocrx_word' id='word_1_207' title='bbox 723 2407 857 2463; x_wconf 84' lang='lat' dir='ltr'><strong>Prop.</strong></span> <span class='ocrx_word' id='word_1_208' title='bbox 882 2408 924 2450; x_wconf 92' lang='lat' dir='ltr'><em>II</em></span> <span class='ocrx_word' id='word_1_209' title='bbox 957 2412 1054 2462; x_wconf 86' lang='lat'>6,1.</span> <span class='ocrx_word' id='word_1_210' title='bbox 1098 2406 1214 2451; x_wconf 79' lang='lat' dir='ltr'>Gen.</span> <span class='ocrx_word' id='word_1_211' title='bbox 1238 2407 1259 2449; x_wconf 91' lang='grc' dir='ltr'>Ι</span> <span class='ocrx_word' id='word_1_212' title='bbox 1292 2412 1331 2462; x_wconf 87' lang='grc'><em>8,</em></span> <span class='ocrx_word' id='word_1_213' title='bbox 1351 2411 1390 2450; x_wconf 85' lang='grc'><em>3.</em></span> <span class='ocrx_word' id='word_1_214' title='bbox 1433 2406 1639 2464; x_wconf 83' lang='lat' dir='ltr'><strong>Aloiphr.</strong></span> <span class='ocrx_word' id='word_1_215' title='bbox 1672 2420 1742 2463; x_wconf 86' lang='lat' dir='ltr'><em>ep.</em></span> <span class='ocrx_word' id='word_1_216' title='bbox 1775 2407 1830 2449; x_wconf 89' lang='lat' dir='ltr'><em>fr.</em></span> <span class='ocrx_word' id='word_1_217' title='bbox 1857 2410 1896 2449; x_wconf 87' lang='lat'><em>5.</em></span> 
     </span>
     <span class='ocr_line' id='line_1_28' title="bbox 215 2465 1896 2523; baseline 0 -14"><span class='ocrx_word' id='word_1_218' title='bbox 215 2465 380 2523; x_wconf 83' lang='lat' dir='ltr'>Georg.</span> <span class='ocrx_word' id='word_1_219' title='bbox 423 2465 642 2520; x_wconf 84' lang='lat' dir='ltr'>Pachym.</span> <span class='ocrx_word' id='word_1_220' title='bbox 689 2466 802 2510; x_wconf 83' lang='lat' dir='ltr'>decl.</span> <span class='ocrx_word' id='word_1_221' title='bbox 836 2466 877 2509; x_wconf 91' lang='lat' dir='ltr'><strong>X</strong></span> <span class='ocrx_word' id='word_1_222' title='bbox 919 2482 964 2523; x_wconf 90' lang='lat' dir='ltr'><em>p.</em></span> <span class='ocrx_word' id='word_1_223' title='bbox 1001 2471 1105 2520; x_wconf 84' lang='lat'>189,</span> <span class='ocrx_word' id='word_1_224' title='bbox 1134 2471 1184 2509; x_wconf 89' lang='lat'><em>11</em></span> <span class='ocrx_word' id='word_1_225' title='bbox 1227 2466 1297 2510; x_wconf 82' lang='lat' dir='ltr'><em>ed.</em></span> <span class='ocrx_word' id='word_1_226' title='bbox 1338 2465 1483 2510; x_wconf 82' lang='lat' dir='ltr'>Boiss.</span> <span class='ocrx_word' id='word_1_227' title='bbox 1635 2470 1688 2508; x_wconf 84' lang='lat'><em>21</em></span> <span class='ocrx_word' id='word_1_228' title='bbox 1735 2479 1802 2520; x_wconf 81' lang='lat' dir='ltr'><em>sq.</em></span> <span class='ocrx_word' id='word_1_229' title='bbox 1840 2465 1896 2509; x_wconf 86' lang='lat' dir='ltr'><em>cf.</em></span> 
     </span>
     <span class='ocr_line' id='line_1_29' title="bbox 213 2528 686 2581; baseline -0.002 -13"><span class='ocrx_word' id='word_1_230' title='bbox 213 2540 259 2581; x_wconf 91' lang='lat' dir='ltr'><em>p.</em></span> <span class='ocrx_word' id='word_1_231' title='bbox 285 2529 480 2580; x_wconf 82' lang='lat'>269,15;</span> <span class='ocrx_word' id='word_1_232' title='bbox 514 2528 686 2579; x_wconf 84' lang='lat'>324,13</span> 
     </span>
    </p>
   </div>
   <div class='ocr_carea' id='block_1_7' title="bbox 215 2603 567 2610">
    <p class='ocr_par' dir='ltr' id='par_1_12' title="bbox 215 2603 567 2610">
     <span class='ocr_line' id='line_1_30' title="bbox 215 2603 567 2610; baseline 0 558"><span class='ocrx_word' id='word_1_233' title='bbox 215 2603 567 2610; x_wconf 95' lang='lat' dir='ltr'><em> </em></span> 
     </span>
    </p>
   </div>
   <div class='ocr_carea' id='block_1_8' title="bbox 215 2641 1898 2994">
    <p class='ocr_par' dir='ltr' id='par_1_13' title="bbox 338 2641 1898 2702">
     <span class='ocr_line' id='line_1_31' title="bbox 338 2641 1898 2702; baseline -0.001 -16"><span class='ocrx_word' id='word_1_234' title='bbox 338 2648 362 2686; x_wconf 90' lang='grc'>2</span> <span class='ocrx_word' id='word_1_235' title='bbox 398 2642 582 2701; x_wconf 81' lang='grc' dir='ltr'><em>ἴσχυσεν</em></span> <span class='ocrx_word' id='word_1_236' title='bbox 616 2643 674 2687; x_wconf 83' lang='lat' dir='ltr'><em>Vi</em></span> <span class='ocrx_word' id='word_1_237' title='bbox 793 2647 817 2686; x_wconf 88' lang='lat'><strong>3</strong></span> <span class='ocrx_word' id='word_1_238' title='bbox 852 2644 917 2688; x_wconf 76' lang='grc' dir='ltr'><em>ἔτι</em></span> <span class='ocrx_word' id='word_1_239' title='bbox 949 2658 1024 2687; x_wconf 89' lang='lat' dir='ltr'><em>om</em></span> <span class='ocrx_word' id='word_1_240' title='bbox 1050 2644 1113 2687; x_wconf 90' lang='lat' dir='ltr'><em>M</em></span> <span class='ocrx_word' id='word_1_241' title='bbox 1149 2644 1155 2700; x_wconf 92' lang='grc' dir='ltr'>Ι</span> <span class='ocrx_word' id='word_1_242' title='bbox 1205 2642 1464 2702; x_wconf 83' lang='grc' dir='ltr'><em>λαβομένην</em></span> <span class='ocrx_word' id='word_1_243' title='bbox 1495 2641 1680 2699; x_wconf 85' lang='lat' dir='ltr'>reposui</span> <span class='ocrx_word' id='word_1_244' title='bbox 1711 2656 1735 2685; x_wconf 87' lang='lat' dir='ltr'>e</span> <span class='ocrx_word' id='word_1_245' title='bbox 1766 2641 1898 2685; x_wconf 74' lang='lat' dir='ltr'>libris</span> 
     </span>
    </p>

    <p class='ocr_par' dir='ltr' id='par_1_14' title="bbox 276 2700 1898 2761">
     <span class='ocr_line' id='line_1_32' title="bbox 276 2700 1898 2761; baseline -0.001 -16"><span class='ocrx_word' id='word_1_246' title='bbox 276 2700 611 2761; x_wconf 81' lang='grc' dir='ltr'><em>ἐπιλαβομένην</em></span> <span class='ocrx_word' id='word_1_247' title='bbox 644 2701 735 2745; x_wconf 85' lang='lat' dir='ltr'><em>edd</em></span> <span class='ocrx_word' id='word_1_248' title='bbox 857 2708 880 2746; x_wconf 89' lang='lat'>6</span> <span class='ocrx_word' id='word_1_249' title='bbox 914 2701 1180 2746; x_wconf 82' lang='grc' dir='ltr'><em>κατάπλουν</em></span> <span class='ocrx_word' id='word_1_250' title='bbox 1212 2703 1323 2746; x_wconf 77' lang='lat' dir='ltr'><strong>Fen·</strong></span> <span class='ocrx_word' id='word_1_251' title='bbox 1354 2702 1455 2746; x_wconf 91' lang='lat' dir='ltr'><em>Mor</em></span> <span class='ocrx_word' id='word_1_252' title='bbox 1482 2702 1488 2759; x_wconf 89' lang='grc' dir='ltr'>Ι</span> <span class='ocrx_word' id='word_1_253' title='bbox 1515 2709 1606 2746; x_wconf 83' lang='grc' dir='ltr'><em>τῶν</em></span> <span class='ocrx_word' id='word_1_254' title='bbox 1638 2701 1763 2745; x_wconf 82' lang='lat' dir='ltr'>inser</span> <span class='ocrx_word' id='word_1_255' title='bbox 1788 2701 1898 2745; x_wconf 81' lang='lat' dir='ltr'><em>Ma²</em></span> 
     </span>
    </p>

    <p class='ocr_par' dir='ltr' id='par_1_15' title="bbox 336 2759 1898 2818">
     <span class='ocr_line' id='line_1_33' title="bbox 336 2759 1898 2818; baseline -0.001 -14"><span class='ocrx_word' id='word_1_256' title='bbox 336 2766 386 2804; x_wconf 91' lang='lat'><em>11</em></span> <span class='ocrx_word' id='word_1_257' title='bbox 421 2768 637 2816; x_wconf 82' lang='grc' dir='ltr'><em>τραφεῖσι</em></span> <span class='ocrx_word' id='word_1_258' title='bbox 669 2760 773 2804; x_wconf 87' lang='lat' dir='ltr'>coni</span> <span class='ocrx_word' id='word_1_259' title='bbox 803 2761 905 2805; x_wconf 87' lang='lat' dir='ltr'><em>Mor</em></span> <span class='ocrx_word' id='word_1_260' title='bbox 931 2765 936 2818; x_wconf 87' lang='grc' dir='ltr'>Ι</span> <span class='ocrx_word' id='word_1_261' title='bbox 963 2759 1032 2812; x_wconf 87' lang='grc' dir='ltr'><em>τίς</em></span> <span class='ocrx_word' id='word_1_262' title='bbox 1055 2762 1341 2806; x_wconf 82' lang='lat' dir='ltr'><strong><em>HVa-MMa</em></strong></span> <span class='ocrx_word' id='word_1_263' title='bbox 1463 2766 1516 2804; x_wconf 83' lang='lat'><em>13</em></span> <span class='ocrx_word' id='word_1_264' title='bbox 1551 2761 1600 2805; x_wconf 78' lang='grc' dir='ltr'><em>ἐν</em></span> <span class='ocrx_word' id='word_1_265' title='bbox 1632 2760 1746 2818; x_wconf 80' lang='grc' dir='ltr'><em>αὐτῇ</em></span> <span class='ocrx_word' id='word_1_266' title='bbox 1780 2775 1898 2815; x_wconf 86' lang='grc' dir='ltr'><em>πρα-</em></span> 
     </span>
    </p>

    <p class='ocr_par' dir='ltr' id='par_1_16' title="bbox 215 2818 1896 2878">
     <span class='ocr_line' id='line_1_34' title="bbox 215 2818 1896 2878; baseline -0.001 -15"><span class='ocrx_word' id='word_1_267' title='bbox 215 2818 391 2876; x_wconf 82' lang='grc' dir='ltr'><em>χθέντα</em></span> <span class='ocrx_word' id='word_1_268' title='bbox 416 2821 469 2864; x_wconf 90' lang='grc' dir='ltr'><em>Η</em></span> <span class='ocrx_word' id='word_1_269' title='bbox 493 2822 500 2875; x_wconf 86' lang='grc' dir='ltr'>Ι</span> <span class='ocrx_word' id='word_1_270' title='bbox 527 2818 704 2863; x_wconf 82' lang='grc' dir='ltr'><em>ἀτόπου</em></span> <span class='ocrx_word' id='word_1_271' title='bbox 729 2846 783 2852; x_wconf 86' lang='grc'><strong>-</strong></span> <span class='ocrx_word' id='word_1_272' title='bbox 813 2825 866 2864; x_wconf 88' lang='grc'><strong>16</strong></span> <span class='ocrx_word' id='word_1_273' title='bbox 898 2820 1036 2878; x_wconf 66' lang='grc' dir='ltr'><em>’ὕβριν</em></span> <span class='ocrx_word' id='word_1_274' title='bbox 1068 2820 1184 2864; x_wconf 70' lang='lat' dir='ltr'><strong>citat</strong></span> <span class='ocrx_word' id='word_1_275' title='bbox 1214 2820 1445 2864; x_wconf 81' lang='lat' dir='ltr'>Macarius</span> <span class='ocrx_word' id='word_1_276' title='bbox 1478 2820 1543 2863; x_wconf 82' lang='lat' dir='ltr'><em>fol</em></span> <span class='ocrx_word' id='word_1_277' title='bbox 1574 2823 1648 2863; x_wconf 83' lang='lat' dir='ltr'><em>81r</em></span> <span class='ocrx_word' id='word_1_278' title='bbox 1675 2821 1681 2874; x_wconf 88' lang='grc' dir='ltr'>Ι</span> <span class='ocrx_word' id='word_1_279' title='bbox 1709 2819 1814 2877; x_wconf 80' lang='grc' dir='ltr'><em>οὐκ]</em></span> <span class='ocrx_word' id='word_1_280' title='bbox 1845 2819 1896 2862; x_wconf 81' lang='grc' dir='ltr'><em>τὸ</em></span> 
     </span>
    </p>

    <p class='ocr_par' dir='ltr' id='par_1_17' title="bbox 215 2877 1894 2994">
     <span class='ocr_line' id='line_1_35' title="bbox 215 2877 1894 2936; baseline -0.001 -15"><span class='ocrx_word' id='word_1_281' title='bbox 215 2878 274 2934; x_wconf 85' lang='grc' dir='ltr'><em>μὴ</em></span> <span class='ocrx_word' id='word_1_282' title='bbox 292 2879 450 2922; x_wconf 82' lang='lat' dir='ltr'>Macar</span> <span class='ocrx_word' id='word_1_283' title='bbox 558 2884 610 2922; x_wconf 85' lang='lat'><em>15</em></span> <span class='ocrx_word' id='word_1_284' title='bbox 629 2878 977 2935; x_wconf 82' lang='grc' dir='ltr'><em>βεβουλημένων</em></span> <span class='ocrx_word' id='word_1_285' title='bbox 997 2880 1050 2922; x_wconf 88' lang='grc' dir='ltr'><em>Η</em></span> <span class='ocrx_word' id='word_1_286' title='bbox 1153 2883 1205 2922; x_wconf 91' lang='grc'><strong>16</strong></span> <span class='ocrx_word' id='word_1_287' title='bbox 1224 2878 1387 2936; x_wconf 83' lang='grc' dir='ltr'><em>μείζων</em></span> <span class='ocrx_word' id='word_1_288' title='bbox 1405 2877 1606 2922; x_wconf 67' lang='lat' dir='ltr'><em>devonia?</em></span> <span class='ocrx_word' id='word_1_289' title='bbox 1627 2877 1682 2921; x_wconf 86' lang='lat' dir='ltr'><em>cf.</em></span> <span class='ocrx_word' id='word_1_290' title='bbox 1701 2882 1858 2933; x_wconf 85' lang='lat' dir='ltr'>p.480,</span> <span class='ocrx_word' id='word_1_291' title='bbox 1871 2882 1894 2920; x_wconf 82' lang='lat'><strong>7</strong></span> 
     </span>
     <span class='ocr_line' id='line_1_36' title="bbox 335 2935 1822 2994; baseline -0.001 -14"><span class='ocrx_word' id='word_1_292' title='bbox 335 2942 390 2981; x_wconf 90' lang='grc'><em>20</em></span> <span class='ocrx_word' id='word_1_293' title='bbox 422 2938 581 2993; x_wconf 85' lang='grc' dir='ltr'><em>πρώην</em></span> <span class='ocrx_word' id='word_1_294' title='bbox 607 2939 664 2981; x_wconf 86' lang='lat' dir='ltr'><em>H</em></span> <span class='ocrx_word' id='word_1_295' title='bbox 670 2939 800 2982; x_wconf 86' lang='lat' dir='ltr'><em>VaM</em></span> <span class='ocrx_word' id='word_1_296' title='bbox 919 2943 972 2982; x_wconf 84' lang='lat'><em>23</em></span> <span class='ocrx_word' id='word_1_297' title='bbox 1007 2935 1256 2988; x_wconf 82' lang='grc' dir='ltr'><em>ἀκολασίας</em></span> <span class='ocrx_word' id='word_1_298' title='bbox 1288 2939 1399 2993; x_wconf 81' lang='grc' dir='ltr'><em>ἔρως</em></span> <span class='ocrx_word' id='word_1_299' title='bbox 1422 2939 1481 2982; x_wconf 88' lang='lat' dir='ltr'><em>H</em></span> <span class='ocrx_word' id='word_1_300' title='bbox 1500 2939 1506 2994; x_wconf 91' lang='grc' dir='ltr'>Ι</span> <span class='ocrx_word' id='word_1_301' title='bbox 1535 2937 1646 2992; x_wconf 81' lang='grc' dir='ltr'><em>ἔρως</em></span> <span class='ocrx_word' id='word_1_302' title='bbox 1678 2951 1753 2980; x_wconf 89' lang='lat' dir='ltr'><em>om</em></span> <span class='ocrx_word' id='word_1_303' title='bbox 1776 2938 1822 2980; x_wconf 92' lang='lat' dir='ltr'><em>B</em></span> 
     </span>
    </p>
   </div>
  </div>
 </body>
</html>
