2010 3168
237 113 345 166 272
701 111 931 156 LIBANII
959 112 1350 158 DECLAMATIO
1380 113 1487 157 XIX

233 250 370 318 πρὸς
407 249 469 301 τὸ
510 258 664 316 σῶμα
702 248 791 301 καὶ
829 249 931 317 τὴν
971 249 1168 302 οὐσίαν
1206 248 1425 316 βλέπων
1465 247 1683 314 ἐξέταζε.
1731 250 1813 302 12.
1854 250 1922 304 οὐ

142 341 379 386 R1v244
412 339 515 407 γὰρ
565 340 573 402 Ι
621 337 835 390 τούτων
885 336 1308 406 ἐπιμελούμενος
1354 335 1473 391 οὐδ’
1520 335 1657 406 ὑπὲρ
1708 339 1923 392 τούτων

233 426 528 494 εὐχόμενος
578 425 875 494 διαγέγονα
920 435 1036 488 τοῖς
1082 430 1262 494 θεοῖς,
1314 425 1426 479 ἀλλ’
1460 425 1783 480 ’ἀπολέσθαι
1820 424 1923 496 μὲν

233 515 331 567 τὸν
370 513 629 584 ἐπίορκον
673 517 969 582 Φίλιππον,
1009 513 1037 567 ὃ
1075 515 1294 578 πάντως
1323 512 1491 582 ἔσται,
1528 514 1633 568 κᾶν
1664 515 1920 586 ἀποθάνῃ

186 602 623 671 5Λημοσθένης,
670 603 769 656 τὸν
817 605 995 672 δῆμον
1042 600 1102 656 δὲ
1152 605 1229 667 εἰς
1267 604 1410 669 ὕψος
1448 600 1576 675 ἆραι
1615 614 1725 658 τῶν
1775 603 1920 673 Ἀθη-

231 695 404 744 ναίων
442 693 640 761 μάχαις
678 690 768 745 καὶ
807 694 985 755 νίκαις
1026 691 1115 745 καὶ
1147 693 1431 762 τροπαίοις
1463 691 1631 746 οὐδὲν
1671 692 1921 747 ἐλάττοσι

230 789 342 832 τῶν
380 786 720 849 θαυμαστῶν
760 779 985 834 ἐκείνων
1025 777 1102 834 ὧν
1140 782 1201 834 τὸ
1248 778 1349 850 μὲν
1389 780 1576 850 ἕστηκε
1614 781 1742 851 παρ’
1787 782 1922 850 ἡμῖν

230 871 567 938 Μαραθῶνι,
605 869 667 922 τὸ
710 866 770 921 δὲ
811 873 1148 938 Πλαταιᾶσι,
1195 871 1261 923 τὰ
1309 867 1370 922 δὲ
1417 869 1478 922 ἐν
1522 879 1640 933 ταῖς
1686 874 1922 939 πλησίον

229 959 479 1011 ταυταισὶ
510 961 714 1026 νήσοις,
747 958 963 1029 Εὐβοίᾳ
995 957 1085 1011 καὶ
1119 962 1412 1026 Σαλαμῖνι.
1455 958 1538 1012 13.
1577 958 1728 1012 ταῦτ’
1769 960 1922 1029 εὐχό-

163 1068 207 1099 1ο
229 1068 363 1115 μην,
418 1049 631 1100 τούτων
681 1047 1002 1115 ἐπεθύμουν
1056 1050 1436 1117 κληρονόμους
1488 1068 1546 1101 τε
1598 1048 1740 1115 ὑμᾶς
1785 1048 1922 1117 ὁρᾶν

227 1144 328 1188 τοῦ
383 1144 723 1205 προγονικοῦ
780 1138 1145 1206 φρονήματος.
1201 1137 1234 1205 ἡ
1284 1133 1387 1204 μὲν
1442 1132 1545 1189 οὖν
1606 1138 1922 1206 προαίρεσις

227 1226 365 1294 καλὴ
404 1224 495 1278 καὶ
533 1233 598 1296 τῇ
638 1235 749 1277 τῶν
789 1226 867 1287 εἰς
897 1228 1231 1295 Μαραθῶνα
1263 1227 1590 1296 δραμόντων
1622 1225 1730 1293 ἴση,
1762 1223 1922 1295 ἐδρά-

227 1333 352 1381 μετε
397 1312 488 1366 καὶ
533 1313 689 1380 ὑμεῖς
734 1316 870 1383 πρὸς
923 1315 988 1367 τὰ
1042 1313 1278 1384 τέρματα
1331 1322 1427 1382 τῆς
1469 1315 1734 1376 Βοιωτίας
1780 1313 1919 1383 ὑπὲρ

227 1410 322 1470 τῆς
375 1396 564 1470 κοινῆς
617 1411 729 1455 τῶν
776 1400 1057 1471 Ἑλλήνων
1104 1402 1450 1472 ἐλευθερίας,
1513 1399 1713 1455 ἔπεσόν
1773 1421 1920 1465 τινες
2005 1443 2010 1447 -

160 1511 203 1542 15
229 1491 386 1556 ὑμῶν
425 1491 498 1553 ὡς
537 1490 564 1543 ὁ
599 1493 969 1560 Κυναίγειρος
1008 1491 1231 1559 ἐκεῖνος,
1272 1492 1344 1554 ὡς
1377 1491 1404 1544 ὁ
1439 1493 1806 1560 Καλλίμαχος,
1846 1491 1921 1554 ὡς

229 1581 288 1632 οἱ
333 1580 432 1632 τὸν
478 1578 592 1633 ἐκεῖ
636 1581 1046 1649 πεπληρωκότες
1093 1581 1291 1649 τάφον·
1339 1581 1406 1632 τὰ
1451 1579 1513 1632 δὲ
1559 1578 1647 1632 ἐπὶ
1695 1587 1788 1648 τῆς
1836 1577 1920 1632 ἐκ-

227 1670 453 1735 κλησίας
506 1668 704 1736 ταύτης
759 1670 966 1738 σμικρὰ
1013 1669 1103 1722 καὶ
1157 1670 1386 1722 ταπεινὰ
1442 1669 1531 1721 καὶ
1579 1668 1772 1732 ἀνάξια
1824 1677 1920 1738 τῆς

229 1755 439 1820 ἐξόδου.
513 1757 594 1810 14.
647 1758 1128 1826 δεδυστυχήκαμεν
1189 1759 1317 1826 γάρ,
1382 1757 1645 1826 ὁμολογῶ.
1708 1758 1763 1810 τί
1814 1753 1919 1810 οὖν

226 1846 552 1912 θαυμαστὸν
614 1848 664 1898 εί
723 1845 821 1908 οὓς
881 1844 1194 1914 ἐβουλόμην
1260 1845 1510 1915 εὐτυχεῖν
1580 1845 1918 1914 ἀτυχοῦντας

158 1953 203 1987 zo
227 1932 373 2003 ὁρῶν
427 1934 493 1987 οὐ
541 1933 714 2003 φέρω,
769 1933 857 1987 ἐπὶ
911 1942 1006 2002 τῆς
1052 1933 1289 2002 Ἀττικῆς
1343 1933 1653 2002 ἐκκλησίας,
1705 1931 1746 1987 ὦ
1791 1938 1917 2002 Ζεῦ,

230 2024 573 2077 Μακεδόνων
606 2022 917 2092 ἐδεήθησαν
956 2024 1007 2075 οἱ
1041 2022 1322 2091 Ἀθηναῖοι
1353 2023 1425 2091 μὴ
1461 2025 1689 2092 ταχείας,
1716 2024 1915 2075 δοῦναι

225 2112 320 2173 τὰς
366 2110 693 2181 ἀποκρίσεις.
741 2111 801 2164 ἐν
846 2113 1086 2180 τούτοις,
1130 2109 1171 2164 ὦ
1221 2112 1419 2180 ἄνδρες
1466 2112 1746 2179 δικασταί,
1801 2121 1917 2173 τοῖς

224 2198 435 2266 ὀλίγοις
473 2200 710 2269 ῥήμασιν
741 2198 802 2253 ἐν
834 2194 916 2262 οἷς
948 2199 1157 2262 ἐκείνας
1189 2199 1527 2268 ἀνεβάλεσθε
1557 2198 1915 2266 Δημοσθένει

346 2366 399 2402 15
431 2359 487 2403 of.
521 2375 567 2416 p.
595 2363 730 2414 95,8;
765 2364 864 2415 236,
885 2364 930 2414 7;
962 2361 994 2404 t.
1022 2359 1063 2403 V
1087 2363 1245 2414 512‚1.
1280 2359 1387 2402 Her.
1415 2358 1478 2402 VI
1505 2364 1588 2402 114

346 2511 368 2549 1
403 2503 579 2559 ἐξέταζε
604 2506 769 2562 scripsi
793 2520 898 2550 cum
924 2505 1080 2550 Gasda
1105 2507 1151 2549 et
1177 2505 1356 2549 Sinteni
1418 2505 1543 2557 ἔταξε
1567 2503 1677 2547 libri
1701 2504 1793 2548 edd

225 2570 250 2607 3
285 2563 538 2621 διαγέγονα
569 2565 735 2621 scripsi
767 2579 821 2609 ex
846 2566 941 2610 Ath
1010 2563 1254 2622 διαγέγονε
1279 2566 1324 2609 Ρ
1352 2564 1443 2608 edd
1587 2568 1611 2606 6
1644 2562 1813 2620 μάχαις
1843 2563 1911 2606 in-

224 2623 347 2667 serui
379 2638 434 2667 ex
457 2624 552 2668 Ath
613 2638 688 2667 om
715 2625 759 2667 P
787 2624 878 2669 edd
1002 2628 1025 2666 7
1061 2623 1246 2679 ἕστηκεν
1279 2623 1389 2666 libri
1420 2623 1511 2666 edd
1545 2625 1550 2679 Ι
1589 2622 1704 2676 παρ’
1739 2621 1914 2665 inserui

224 2695 281 2725 ex
307 2683 401 2727 Ath
470 2696 544 2726 om
568 2683 614 2726 P
642 2682 733 2726 edd
875 2687 901 2726 8
933 2682 1044 2727 ταδὲ
1070 2684 1116 2727 Ρ
1255 2687 1279 2724 9
1314 2680 1512 2739 εὐχόμην
1545 2681 1708 2736 scripsi
1741 2695 1797 2724 ex
1819 2681 1914 2724 Ath

226 2754 333 2784 cum
358 2740 514 2785 Gasda
575 2739 820 2799 εὐχόμενος
837 2743 883 2786 Ρ
905 2741 996 2784 edd
1119 2746 1172 2784 10
1204 2741 1325 2796 ἡμᾶς
1339 2742 1434 2785 Ath
1555 2745 1609 2783 15
1635 2739 1913 2795 Κυνέγειρος

223 2798 370 2843 Cobet
403 2799 502 2844 Coll
535 2804 619 2843 286
653 2803 702 2843 at
734 2800 790 2843 cf.
823 2800 871 2843 ll.
898 2799 947 2843 ll.
1072 2805 1126 2843 18
1161 2799 1323 2852 ἐξόδου
1356 2813 1431 2842 om
1455 2799 1547 2842 Ath
1579 2798 1660 2842 scd
1698 2799 1747 2841 in
1778 2811 1913 2855 marg

224 2857 363 2902 lectio
395 2872 560 2915 parum
592 2861 719 2902 certa
863 2864 918 2901 23
952 2857 1131 2910 ἐκείνας
1163 2859 1327 2914 scripsi
1401 2855 1605 2906 ἐκείνους
1636 2857 1743 2900 libri
1776 2857 1866 2900 edd
1901 2857 1906 2914 Ι

225 2917 503 2974 ἐνεβάλεσθε
527 2919 620 2961 Ath
