2010 3168
979 629 1122 683 XVI.

542 766 656 827 Εἰς
694 766 762 818 τὸ
803 763 1110 817 ἐναντίον
1147 763 1558 834 Ἀριστοφῶν.

117 889 173 932 Η.
196 889 258 932 1Χ
283 893 338 932 29
501 883 546 936 1.
588 887 828 936 Πολλῶν
867 882 1100 951 ἀγώνων
1138 903 1231 951 μοι
1271 880 1396 953 παρ’
1435 883 1585 952 ὑμῖν,
1618 880 1660 937 ὦ
1693 885 1893 954 ἄνδρες

212 972 512 1041 Ἀθηναῖοι,
561 970 941 1041 γεγενημένων
989 970 1048 1024 ἐν
1110 972 1278 1024 ἅπασι
1334 973 1465 1041 μετὰ
1517 980 1616 1026 τοῦ
1675 973 1890 1026 δικαίου

205 1062 502 1130 νενικηκὼς
548 1062 755 1123 πολλὰς
795 1060 1017 1123 ἐλπίδας
1058 1063 1160 1130 ἔχω
1201 1059 1291 1114 καὶ
1340 1063 1577 1131 τήμερον
1624 1063 1716 1114 διὰ
1762 1063 1891 1124 τοὺς

163 1173 182 1205 5
207 1152 377 1213 θεοὺς
423 1150 616 1218 ὁμοίου
664 1151 1028 1219 πειράσεσθαι
1075 1157 1175 1203 τοῦ
1215 1151 1573 1220 δικαστηρίου
1612 1149 1702 1203 καὶ
1741 1168 1890 1221 περι-

135 1618 178 1650 10

206 1239 430 1293 έσεσθαι
469 1246 569 1292 τοῦ
607 1240 816 1302 πάντας
850 1236 951 1306 μὲν
985 1228 1345 1308 ἐνοχλοῦντος
1374 1241 1503 1302 τοὺς
1535 1239 1891 1306 εὐδοκιμοῦν-

202 1349 298 1392 τας
329 1332 571 1398 φθόνου,
611 1329 843 1396 μάλιστα
884 1327 962 1395 δέ,
1003 1329 1085 1382 ὅτι
1119 1329 1210 1381 καὶ
1248 1329 1476 1397 μέγιστα
1516 1329 1659 1382 δοκῶ
1695 1348 1889 1398 κατορ-

202 1424 375 1486 θοῦν,
423 1416 529 1486 ἐμέ.
569 1416 666 1487 ὑφ’
715 1414 782 1471 οὗ
821 1415 912 1470 καὶ
954 1416 1210 1486 Κέφαλος
1250 1414 1411 1481 οὗτος
1449 1418 1774 1488 προαχθείς,
1822 1417 1888 1470 οὐ

202 1508 306 1575 γὰρ
355 1507 527 1570 οὕτως
575 1505 724 1559 ἐστὶν
773 1505 980 1575 εὐήθης
1027 1507 1164 1559 ὥστε
1214 1503 1340 1577 παρ’
1396 1500 1479 1568 οἷς
1525 1503 1643 1559 οὐδ’
1699 1505 1890 1569 ὁποίας

203 1594 353 1648 ἐστὶν
413 1593 681 1663 ἔγνωσται
742 1603 840 1664 γῆς
901 1595 973 1659 ὡς
1034 1596 1254 1663 ἄριστος
1315 1600 1533 1648 οἴεσθαι
1599 1594 1889 1658 τεύξεσθαι

203 1685 435 1754 δωρεᾶς,
474 1686 791 1752 βασκαίνων
839 1680 899 1736 δὲ
938 1685 1032 1752 τῆς
1070 1691 1228 1753 τιμῆς
1267 1683 1532 1753 ἐφέστηκέ
1567 1704 1660 1753 μοι
1707 1688 1889 1736 τελευ-

201 1781 369 1841 ταῖος,
409 1772 525 1827 ἐπεὶ
564 1775 834 1842 μηδεμίαν
883 1773 1066 1825 αἰτίαν
1115 1774 1222 1842 ἔχει
1271 1775 1493 1841 λοιπήν,
1540 1781 1634 1841 τῆς
1682 1774 1889 1842 δωρεᾶς

202 1863 567 1931 συκοφάντης.

319 2028 345 2067 9
380 2023 528 2068 Schol.
563 2023 623 2067 ad
655 2022 819 2067 Aesch.
854 2022 972 2067 Ctes.
1007 2027 1031 2076 ἓ
1058 2027 1154 2066 194.
1204 2022 1261 2066 of.
1294 2039 1338 2080 p.
1368 2027 1465 2067 110.
1514 2023 1667 2067 Herm.
1693 2022 1778 2066 XII
1802 2027 1886 2066 222

322 2177 342 2214 1
379 2172 463 2223 Εἰς
492 2172 543 2216 τὸ
577 2169 792 2217 ἐναντίον
816 2170 1090 2227 Ἀριστοφῶν
1114 2170 1278 2226 scripsi
1340 2168 1571 2230 λιβανίου;
1605 2170 1761 2228 (rubr.)
1796 2172 1887 2226 (om

202 2232 306 2287 Ma)
333 2234 491 2275 Καλοῦ
525 2229 629 2289 βίου
669 2228 807 2288 γέρας
845 2227 988 2284 εἶναι,
1028 2230 1108 2274 καὶ
1140 2233 1231 2287 (om
1260 2232 1362 2286 Ma>
1395 2231 1736 2288 ἀμφισβητοῦσι
1771 2229 1887 2284 πρὸς

200 2289 420 2344 ἀλλήλους
444 2289 644 2345 κέφαλος
667 2290 747 2333 καὶ
771 2290 1038 2345 ἀριστοφῶν
1065 2291 1200 2334 ΜαΡ
1229 2289 1284 2332 ef.
1311 2304 1356 2345 p.
1379 2294 1477 2339 115,
1497 2294 1518 2332 1
1643 2294 1667 2332 2
1693 2290 1885 2332 Πολλῶν

200 2375 254 2381 -
276 2354 328 2392 13
349 2348 644 2405 συκοφάντης
667 2348 784 2392 citat
807 2349 868 2393 Io.
887 2349 1051 2404 Doxap
1070 2349 1129 2391 ad
1146 2348 1362 2405 Hermog.
1383 2349 1440 2393 de
1456 2349 1545 2391 inv.
1564 2348 1584 2391 I
1603 2354 1625 2392 1
1644 2363 1688 2404 p.
1709 2346 1886 2402 68‚5W

198 2407 401 2465 (Cramer
418 2409 589 2452 Aneod.
610 2407 691 2452 Ox.
709 2410 742 2451 t.
761 2408 824 2451 IV
840 2424 884 2464 p.
906 2413 985 2452 161
1013 2407 1070 2452 cf.
1089 2421 1228 2462 supra
1244 2423 1289 2464 p,
1308 2411 1408 2463 112)
1530 2413 1556 2450 4
1583 2407 1698 2463 ἔχων
1724 2407 1884 2462 Doxap

317 2472 342 2510 5
374 2466 692 2521 πειράσασθαι
722 2467 885 2523 Doxap
1021 2472 1045 2510 6
1077 2473 1159 2510 τοῦ
1191 2466 1371 2517 πάντας
1402 2465 1505 2524 μὲν]
1537 2466 1619 2523 μὲν
1651 2473 1733 2509 τοῦ
1764 2464 1883 2509 πάν-

197 2543 280 2576 τας
312 2526 395 2581 μὲν
425 2526 585 2582 Doxap
631 2529 636 2581 Ι
676 2528 977 2583 ἐνοχλοῦντας
1001 2528 1046 2570 Ρ
1166 2530 1188 2567 7
1223 2526 1413 2580 φθόνου
1446 2539 1520 2569 om
1547 2526 1635 2569 Ma
1677 2528 1682 2580 Ι
1726 2523 1779 2569 δέ
1809 2538 1884 2567 om

198 2585 360 2641 Doxap
398 2590 402 2639 Ι
447 2583 516 2629 ὅτι
549 2585 711 2641 scripsi
775 2583 863 2629 ὅσω
898 2587 942 2629 Ρ
970 2585 1131 2640 Doxap
1194 2599 1269 2628 om
1289 2587 1376 2629 Ma
1498 2589 1523 2627 8
1557 2582 1745 2639 φθόνου
1778 2586 1885 2637 post

199 2641 253 2687 οὗ
280 2644 442 2699 Doxap
471 2645 476 2701 Ι
506 2645 657 2688 οὑτοσὶ
693 2643 905 2688 Hertlein
941 2647 946 2700 Ι
987 2643 1210 2700 ὁρμηθεὶς
1240 2644 1401 2700 Doxap
1525 2649 1549 2685 9
1583 2642 1724 2697 ἐστὶν]
1758 2640 1817 2685 ἂν
1842 2643 1887 2685 Ρ

198 2703 279 2745 sed
312 2721 397 2748 νυν
430 2717 642 2759 suprascr
673 2702 742 2745 m²
886 2708 940 2747 10
973 2703 1159 2758 ἄριστος
1185 2705 1274 2747 Μα
1306 2703 1386 2746 sed
1419 2719 1435 2746 ι
1466 2702 1515 2745 in
1546 2716 1621 2745 ras
1653 2701 1721 2743 m²
1749 2703 1754 2757 Ι
1781 2700 1882 2745 τεύ-

197 2762 322 2813 ξεται
362 2762 523 2818 Doxap
671 2767 722 2805 11
763 2759 810 2805 τὲ
846 2762 1009 2818 Doxap
1060 2766 1065 2814 1
1115 2764 1374 2806 τελευταῖον
1414 2761 1526 2805 olim
1566 2760 1742 2803 conieci

200 2826 252 2862 12
290 2821 449 2876 ἐπειδὴ
482 2821 644 2877 Doxap
681 2824 686 2870 Ι
730 2819 959 2877 μηδεμίαν
991 2819 1147 2864 αἰτίαν
1180 2821 1269 2877 ἔχει
1300 2819 1464 2875 λοιπήν
1497 2820 1660 2875 scripsi
1693 2820 1881 2862 aucssore

196 2878 408 2980 gertlino
485 2883 710 2936 μηδεμιᾶς
749 2878 825 2935 (δὲ
863 2887 970 2936 μιᾶς
1009 2880 1193 2935 Doxap)
1235 2878 1388 2930 αἰτίας
1426 2879 1516 2936 ἔχει
1554 2881 1717 2934 λοιπῆς
1750 2878 1885 2922 ΜοιΡ

241 2951 360 2994 oxap
