2010 3168
540 105 1006 150 ATHENIENSIUM
1037 105 1334 149 DEFENSIO
1717 106 1790 159 63

97 243 378 311 τοῦδαφος
418 244 778 309 κατελίπομεν
818 240 1034 305 ἑαυτοῖς
1071 244 1173 310 τήν
1214 239 1259 294 τ’
1300 241 1473 310 ὀργὴν
1505 240 1790 310 ἐξηνέγκα-

98 351 199 399 μεν
238 329 355 384 οὐδ’
403 329 489 399 ἐφ’
529 329 627 384 ἕνα
660 331 1065 398 Ποτιδαιατῶν,
1105 327 1222 383 ἀλλ’
1262 329 1348 383 ἐπὶ
1382 332 1483 399 τὴν
1521 331 1789 399 ἀναίσθη-

97 438 197 473 τον
235 421 426 488 φύσιν,
464 418 555 472 καὶ
595 421 726 482 τοὺς
774 419 1134 482 ὑπευθύνους
1182 418 1439 482 ἐάσαντες
1486 422 1582 488 ζῆν
1629 420 1790 488 δίκην

96 509 246 577 παρὰ
291 518 404 561 τῶν
456 509 722 562 ἀναιτίων
768 510 1250 576 εἰσεπραττόμεθα.
1313 510 1403 561 καὶ
1457 507 1607 562 τοῦτ’
1660 514 1790 571 ἴσως

97 597 254 667 ἡμῶν
298 598 359 650 τὸ
408 596 675 666 ἀσέβημα,
731 596 815 650 ὅτι
865 605 965 650 τοῦ
1020 596 1219 667 γένους
1273 598 1599 667 φεισάμενοι
1648 597 1788 666 ὑφή-

97 706 269 754 καμεν
307 694 407 740 τοῦ
448 687 666 740 δικαίου
707 685 796 739 καὶ
836 687 936 755 τὴν
977 686 1134 750 ἀξίαν
1173 677 1706 755 οὐκέλαμβάνομεν.

209 775 294 829 20.
342 774 479 828 Ἀλλ’
532 774 656 845 οὐχὶ
702 779 867 828 τοῦτό
914 774 1063 828 ἐστιν
1110 771 1177 829 οὗ
1226 777 1293 844 δὴ
1344 775 1507 845 χάριν
1553 773 1642 828 ἐπὶ
1689 777 1791 843 τὴν

97 868 431 935 κατηγορίαν
461 864 763 934 ἀναστῆναι
796 867 1105 933 Κορίνθιοί
1138 880 1329 934 φασιν,
1368 866 1502 918 ἄλλο
1545 863 1625 933 δέ,
1657 865 1790 934 ὅπερ

99 953 173 1016 ὡς
209 951 312 1023 μὲν
351 955 568 1022 εὔηθες,
609 955 681 1017 ὡς
720 950 782 1007 δὲ
820 952 911 1007 καὶ
952 959 1188 1022 γελοῖον,
1230 954 1295 1008 οὐ
1334 958 1558 1007 πολλῶν
1597 953 1667 1006 ἂν
1707 960 1790 1023 εἴη

98 1045 281 1111 λόγων
320 1044 619 1097 δεικνύναι.
659 1046 716 1096 τί
752 1042 817 1095 δέ
844 1057 1004 1112 φασι;
1043 1045 1324 1112 πόλεμος
1364 1042 1437 1096 ὃν
1477 1041 1790 1112 ἐκίνησαν

96 1130 431 1200 Ἀθηναῖοι
501 1133 947 1203 περιειστήκει
1018 1133 1404 1200 Ποτίδαιαν,
1470 1133 1574 1185 καὶ
1645 1132 1790 1186 ἐπο-

98 1226 453 1290 λιορκεῖτο,
524 1219 718 1290 ἐπέβη
790 1217 858 1273 δὲ
929 1222 1114 1289 λιμὸς
1182 1219 1288 1273 καὶ
1351 1221 1789 1292 Ποτιδαιᾶται

99 1309 397 1378 ἀλλήλων
471 1309 849 1378 ἐγεύσαντο·
919 1308 1024 1362 καὶ
1087 1309 1154 1362 ἐκ
1221 1310 1461 1363 τούτου
1532 1309 1790 1379 ἀσεβεῖς

98 1398 444 1467 Ἀθηναῖοι.
498 1398 656 1467 ὑμεῖς
718 1397 791 1467 δ’,
847 1395 889 1452 ὦ
945 1401 1273 1467 Κορίνθιοι,
1334 1408 1450 1461 πῶς
1505 1399 1607 1452 οὐκ
1667 1398 1790 1452 ἀσε-

96 1491 213 1558 βεῖς
267 1489 360 1542 διὰ
413 1496 599 1558 τοῦτο,
655 1487 740 1541 ὅτι
786 1490 1069 1558 πρόφασιν
1116 1487 1463 1556 είσηνέγκατε
1526 1488 1790 1555 οὐδεμίαν

98 1574 230 1631 οὐδὲ
299 1576 555 1647 μετέσχεν
623 1577 781 1644 ὑμῶν
850 1577 1033 1639 οὐδεὶς
1100 1585 1200 1630 τοῦ
1270 1577 1593 1647 μιάσματος,
1664 1577 1786 1630 οὐδ’

96 1667 250 1736 ἡμεῖς
312 1666 704 1736 εἰσηνέγκαμεν
773 1663 904 1719 οὐδὲ
964 1665 1320 1736 μετέσχομεν,
1382 1665 1523 1720 ὥσθ’
1593 1666 1658 1719 ὃν
1720 1665 1789 1719 ἂν

96 1758 304 1825 τρόπον
372 1756 515 1823 ὑμᾶς
575 1755 776 1818 αὐτοὺς
844 1755 1118 1824 ἀπολύητε
1187 1757 1386 1824 αἰτίας,
1452 1757 1550 1808 τὸν
1620 1756 1791 1809 αὐτὸν

97 1846 386 1912 δήπουθεν
452 1843 543 1898 καὶ
613 1844 766 1914 ἡμᾶς.
840 1843 1144 1914 ἀμφότεροι
1215 1845 1320 1915 γὰρ
1391 1840 1563 1912 οὗπερ
1635 1845 1791 1913 ἐγκα-

98 1937 238 1986 λεῖτε
276 1934 493 2002 μακρὰν
532 1932 721 2002 ἐπίσης
760 1932 938 2002 ἐσμέν.
986 1934 1195 1986 οὐκοῦν
1241 1932 1331 1986 καὶ
1378 1936 1565 2002 πόρρω
1614 1935 1791 1996 αἰτίας

98 2021 314 2089 ὁμοίως.
364 2025 421 2074 τί
464 2023 660 2075 λοιπὸν
706 2022 919 2090 ἀλόγως
966 2020 1052 2075 ἐπὶ
1100 2023 1203 2090 τὴν
1247 2026 1582 2091 κατηγορίαν
1635 2022 1791 2091 ἐκφέ-

98 2117 266 2181 ρεσθε
306 2113 512 2174 εἰδότες
550 2112 640 2164 καὶ
685 2118 855 2164 ταῦτα
897 2120 1088 2179 σαφῶς
1126 2112 1200 2174 ὡς
1240 2111 1269 2163 ὅ
1309 2132 1361 2164 τι
1408 2111 1478 2164 ἂν
1516 2111 1696 2180 ὑμεῖς,
1743 2117 1796 2164 εἴ

96 2220 179 2262 τις
217 2198 450 2267 ἐγκαλεῖ,
489 2197 615 2269 περὶ
654 2200 830 2252 τῶνδε
867 2198 1053 2268 ἐρεῖτε,
1093 2198 1239 2252 τοῦτ’
1280 2199 1413 2252 αὐτὸ
1446 2201 1536 2252 καὶ
1568 2200 1699 2269 ἡμῖν
1733 2199 1792 2253 ἐκ

96 2295 196 2342 τοῦ
239 2294 364 2342 ἴσου
411 2290 581 2356 λόγου
627 2286 890 2358 παρέσται
931 2289 1127 2353 εἰπεῖν;
1169 2289 1254 2342 21.
1295 2289 1362 2342 οὐ
1401 2291 1594 2342 τοίνυν
1635 2288 1790 2341 ἀσκέ-

96 2395 245 2439 πτως
277 2375 363 2445 ἐφ’
402 2377 719 2444 ὁντιναοῦν,
759 2376 897 2429 ἀλλὰ
928 2377 1026 2429 τὸν
1059 2376 1443 2446 ἁμαρτάνοντα
1475 2379 1576 2445 τὴν
1608 2380 1791 2430 αἰτίαν

7 2508 12 2510 -
97 2465 371 2534 τρεπτέον.
426 2473 591 2518 τοῦτο
638 2462 738 2531 μὲν
793 2466 898 2534 γὰρ
947 2466 1164 2518 δίκαιον
1218 2467 1307 2518 καὶ
1362 2475 1644 2536 προσῆκον
1698 2468 1791 2519 ἅτε

3 2599 29 2630 ,1.
96 2553 186 2606 καὶ
226 2563 342 2616 τοῖς
380 2555 573 2621 νόμοις
612 2554 684 2615 ὡς
722 2554 955 2620 μάλιστα
995 2555 1202 2607 δοκοῦν
1239 2556 1330 2607 καὶ
1369 2563 1539 2608 πᾶσιν
1570 2555 1790 2623 ἀνθρώ-

4 2639 10 2695 ’ξ
96 2660 222 2705 ποις
275 2647 572 2706 λυσιτελῶς
624 2639 753 2712 ἔχον
816 2641 1263 2711 ἀνακοπτομένης
1318 2643 1384 2696 οὐ
1446 2649 1623 2715 μικρῷ
1679 2663 1791 2696 τινι

6 2758 10 2760 Ἴ
95 2730 247 2800 μέρει
299 2732 489 2794 κακίας
536 2730 845 2798 ἐντεῦθεν,
885 2730 1062 2785 ἐκεῖνο
1111 2732 1173 2784 δὲ
1218 2730 1480 2801 πράττειν
1531 2733 1670 2799 πρὸς
1715 2738 1790 2803 τῷ

215 2866 271 2905 22
319 2859 342 2905 ὅ
372 2877 417 2905 τι
448 2861 614 2918 scripsi
691 2860 760 2906 ὅτι
786 2861 882 2906 LV
909 2861 1047 2906 Schm
1191 2867 1246 2906 25
1278 2863 1592 2918 ἐφοντιναοῦν
1625 2862 1667 2905 V

4 2907 16 2965 ἶ
98 2923 153 2963 29
187 2919 336 2965 ἐκεῖνο
369 2920 532 2977 scripsi
564 2934 590 2964 e
613 2921 711 2965 LV
767 2919 937 2965 ἐκεῖνοι
970 2920 1107 2965 Schm

1815 1062 1861 1094 10

1816 1507 1861 1540 1⁵

1815 1952 1863 1984 20

1814 2395 1862 2428 25
