2010 3168
337 72 339 75 r
373 106 604 152 MOROSI
636 107 717 151 DE
747 105 956 152 UXORE
987 105 1248 161 LOQUACI
1281 107 1564 161 QUERELA
1683 108 1788 161 507

217 248 312 297 Sed
337 249 488 296 etiam
512 248 911 296 testimoniorum
927 264 1158 296 numerus
1175 242 1488 313 permagnus,
1506 250 1627 311 quin
1643 249 1793 297 etiam

102 323 262 371 maior
292 338 442 385 quam
472 322 524 369 in
555 323 659 370 ulla
693 322 791 370 alia
822 322 1181 371 declamatione
1213 325 1300 371 est.
1343 323 1473 371 Nam
1503 323 1793 372 Maximus

102 397 404 446 Planudes
449 398 500 444 in
550 397 807 459 Excerptis
855 396 1036 446 codicis
1082 396 1302 444 Palatini
1314 390 1356 463 ¹)
1407 399 1497 459 18,
1544 398 1794 446 Thomas

103 471 395 536 Magister
430 472 520 531 16,
551 470 821 519 Andreas
858 470 1195 533 Lopadiota
1227 472 1277 518 in
1309 472 1465 520 lexico
1489 471 1794 520 Vindobo-

104 538 325 612 nens12)
362 547 407 606 9,
455 547 629 593 auctor
674 545 856 594 lexici
902 545 1245 608 Augustani
1292 562 1320 594 a
1360 544 1480 594 God.
1511 545 1795 594 Hermanno

104 620 226 668 editi
262 621 318 681 7,
359 619 743 681 Eustathius,
777 621 1002 668 auctores
1034 622 1373 681 excerptorum
1406 620 1588 668 codicis
1622 620 1795 668 Pari-

104 694 222 742 sini
248 693 417 756 Suppl.
444 710 514 758 gr.
537 695 604 743 70
631 710 659 741 a
682 692 804 741 Lud.
830 694 1147 742 Bachmanno
1174 693 1431 756 editorum,
1457 696 1794 757 excerptorum

103 767 284 817 codicis
316 767 831 816 Darmstadiensis
859 770 999 816 2773
1035 784 1064 815 a
1090 767 1282 816 Sturzio
1311 768 1570 830 editorum,
1603 785 1795 830 excerp-

103 845 269 891 torum
301 842 481 890 codicis
513 842 836 904 Neapolitani
859 824 1108 908 110323),
1139 842 1438 891 Macarius
1474 841 1795 905 Chrysoce-

103 910 391 983 phalus4),
416 916 673 964 Michael
697 916 1021 978 Apostolos
1053 916 1274 980 singulos
1298 917 1430 966 locos
1454 916 1796 965 laudaverunt.

218 990 315 1039 Sed
347 990 498 1038 etiam
529 990 649 1040 viris
681 990 838 1041 doctis
871 990 1052 1039 aetatis
1083 992 1385 1040 renascentis
1419 992 1599 1053 quibus
1630 994 1798 1040 utrum

105 1065 327 1113 ducenda
359 1066 425 1113 sit
455 1080 579 1113 uxor
609 1081 759 1113 necne
793 1065 1044 1127 disputare
1077 1065 1130 1112 in
1154 1065 1344 1112 deliciis
1370 1068 1477 1113 erat
1502 1065 1796 1114 declamatio

103 1156 345 1203 perquam
376 1141 520 1203 grata
559 1154 662 1188 esse
695 1139 888 1200 debuit,
928 1139 1068 1188 velut
1106 1155 1215 1188 eam
1254 1140 1460 1188 laudare
1500 1155 1599 1188 non
1631 1141 1799 1189 omisit

104 1213 403 1262 Antonius
438 1213 663 1262 Codrus
687 1213 915 1262 Urceus
947 1213 999 1260 in
1024 1229 1245 1262 sermone
1271 1207 1497 1281 (quarto)
1523 1214 1608 1276 qui
1634 1217 1708 1262 est
1739 1214 1798 1261 de

105 1288 194 1337 illa
228 1289 516 1350 quaestione
527 1281 587 1355 ⁵),
609 1288 686 1336 his
710 1287 894 1337 verbis:
925 1288 1068 1336 Recte
1090 1288 1337 1336 Libanius
1360 1290 1574 1349 sophista
1594 1303 1799 1349 yraecus

105 1364 414 1412 acutissimus
445 1363 686 1422 quendam
715 1362 903 1411 inducit
930 1365 1093 1411 virum
1130 1377 1180 1410 se
1217 1363 1459 1411 iudicibus
1497 1366 1800 1412 accusamtem

106 1440 149 1486 et
171 1438 489 1486 ostendentem
519 1451 569 1485 se
600 1436 727 1498 quod
756 1451 955 1485 uxorem
978 1437 1170 1485 duxerit
1191 1438 1299 1485 iure
1320 1441 1470 1485 morte
1491 1438 1800 1486 multandum

96 1515 298 1573 propter
336 1512 513 1559 scilicet
548 1512 773 1572 plurima
815 1514 857 1559 et
892 1514 1109 1573 inqentia
1147 1513 1282 1560 mala
1321 1526 1444 1571 quae
1481 1514 1535 1560 in
1581 1514 1799 1572 coniuyio

97 1600 282 1647 passus
315 1589 396 1642 est,
437 1601 565 1648 quae
597 1601 686 1634 sua
717 1585 836 1634 fecit
870 1585 1162 1634 Henricus
1194 1579 1491 1653 Rib(i)sch
1520 1586 1799 1634 Philocalos

106 1660 411 1723 Budingius,
456 1662 631 1722 postea
679 1660 910 1723 syndicus
950 1659 1378 1722 Vratislaviensis,
1426 1660 1479 1709 in
1523 1655 1799 1722 ‘Discepta-

106 1736 242 1783 tione
273 1734 354 1782 An
381 1750 506 1782 uxor
537 1736 603 1782 sit
638 1735 860 1783 ducenda
890 1735 943 1782 in
973 1734 1174 1797 publica
1206 1734 1541 1797 disputatione
1574 1733 1800 1797 Lipsensi

107 1804 419 1941 enarrata',6)
427 1808 656 1872 Liptzick
718 1808 939 1871 Septimo
1001 1808 1115 1857 idus
1171 1808 1399 1858 Octobris
1453 1809 1598 1858 Anno
1659 1811 1796 1858 1509

107 1883 179 1931 fol
201 1883 248 1931 A
271 1883 360 1931 IIV.

217 1957 326 2006 Iam
358 1959 472 2005 ante
502 1958 635 2006 hunc
666 1958 795 2006 alter
827 1957 1122 2019 Germanus,
1154 1957 1463 2022 Vigandus
1497 1957 1563 2006 de
1596 1957 1800 2005 Saltza

109 2025 202 2098 (=
228 2026 393 2097 Wig),
439 2031 654 2080 Lusatus
703 2033 969 2081 canonicus
1009 2031 1302 2080 Budissinus
1350 2034 1400 2080 et
1439 2031 1799 2080 Vratislavien-

107 2107 174 2154 sis
186 2099 248 2172 7),
281 2122 410 2155 anno
455 2107 592 2155 1501
628 2108 787 2156 totam
820 2106 1231 2155 declamationem
1264 2123 1288 2154 e
1322 2106 1502 2168 codice,
1535 2107 1620 2169 qui
1650 2120 1798 2167 penes

227 2279 270 2334 1)
303 2276 371 2321 Cf.
402 2279 436 2321 t.
469 2277 490 2320 I
520 2293 564 2334 p.
594 2282 662 2321 73.
852 2278 895 2332 2)
929 2276 995 2322 Cf.
1028 2279 1062 2321 t.
1086 2278 1108 2321 I
1138 2293 1182 2334 p.
1210 2282 1308 2322 238.

227 2340 271 2392 3)
304 2335 369 2380 Cf.
403 2338 436 2381 t.
462 2336 504 2379 V
533 2351 577 2393 p.
606 2340 692 2380 368
724 2339 818 2382 not.
846 2342 886 2380 3.
1069 2339 1112 2394 4)
1147 2336 1212 2381 Cf.
1246 2338 1279 2380 t.
1303 2337 1325 2380 1
1355 2353 1398 2394 p.
1427 2342 1510 2382 351
1531 2352 1596 2393 sq.

228 2399 272 2452 5)
305 2395 444 2440 Codri
472 2395 718 2440 Orationes
751 2409 832 2440 seu
864 2409 1096 2440 semones
1127 2398 1181 2440 ut
1204 2397 1305 2453 ipse
1337 2396 1624 2453 appellabat,
1649 2395 1799 2439 Vene-

107 2455 187 2499 tiis
227 2455 451 2499 mandato
491 2457 538 2500 et
575 2455 799 2512 impensis
843 2456 970 2499 Petri
1002 2455 1337 2512 Lichtensteyn
1369 2455 1656 2500 coloniensis
1689 2454 1799 2498 Ger-

106 2514 255 2558 mani:
289 2516 423 2558 Anno
456 2514 734 2559 Salutiferae
772 2515 1121 2559 incarnationis.
1155 2515 1216 2559 M.
1242 2515 1297 2559 D.
1322 2515 1398 2559 VI.
1430 2514 1657 2559 Kalendis
1690 2514 1800 2570 Sep-

107 2574 365 2618 tembribus
398 2573 476 2618 fol.
504 2579 589 2618 19³.

228 2636 271 2689 6)
304 2632 370 2677 Cf.
404 2646 524 2688 quae
565 2633 757 2689 exposui
787 2633 838 2676 in
870 2634 1260 2678 commentatione
1291 2633 1518 2690 inscripta
1549 2631 1799 2687 „Heinrich

108 2692 204 2735 und
238 2691 449 2748 Seyfried
481 2691 702 2735 Ribisch“
744 2692 1011 2736 Zeitschrift
1050 2693 1131 2738 des
1170 2692 1363 2737 Vereins
1406 2692 1483 2736 fiir
1520 2691 1798 2736 Geschichte

110 2750 372 2795 Schlesiens
404 2751 505 2795 XLI
537 2753 688 2808 (1907)
719 2766 765 2808 p.
794 2756 878 2796 185
896 2766 962 2807 sq.

230 2814 271 2868 7)
306 2810 372 2855 Cf.
406 2824 525 2866 quae
558 2811 615 2854 de
648 2811 745 2854 eius
769 2811 866 2855 vita
899 2824 953 2855 ac
985 2810 1153 2855 studiis
1187 2810 1379 2867 exposui
1411 2809 1799 2855 commentatione

111 2882 231 2926 quae
277 2869 455 2926 prodiit
499 2870 548 2913 in
587 2869 749 2914 Neuen
788 2870 1140 2917 Lausitzischen
1179 2869 1397 2931 Magazin
1436 2869 1526 2915 vol.
1550 2868 1799 2915 LXXXVII

111 2930 261 2989 (1911)
291 2944 336 2990 p.
365 2934 387 2972 1
407 2943 473 2989 sq.
