2010 3168
239 646 323 698 Oc
396 646 872 697 Ποτιδαιᾶται
949 643 1268 712 ἀλλήλων
1348 642 1733 711 ἐγεύσαντο
1812 641 1921 696 ὑπ’

240 733 622 802 Ἀθηναίων
675 733 1303 801 πολιορκούμενοι,
1359 731 1472 785 καὶ
1526 733 1928 803 γράφονται

328 821 701 890 Ἀθηναίους
741 821 1043 890 ἀσεβείας
1084 823 1460 888 Κορίνθιοι.
1509 821 1842 889 Ἀθηναῖοι

808 909 1350 979 ἀπολογούμενοι.
1709 939 1711 942 v

191 1052 210 1084 5
351 1030 396 1082 1.
429 1027 661 1096 ’Ἀνδρες
709 1030 1161 1097 Λακεδαιμόνιοι,
1213 1028 1345 1098 ὅπερ
1392 1016 1929 1098 ἡγούμεθαῙζοριν·

235 1121 400 1180 θίους
441 1116 635 1186 ἐπᾶραι
676 1115 895 1170 τοσαῦτ’
941 1117 1372 1187 ἀναισχυντῆσαι
1419 1115 1509 1170 καὶ
1557 1117 1713 1170 οὕτω
1749 1099 1933 1188 πολλῷ

235 1213 309 1279 τῷ
357 1209 652 1278 παραλόγῳ
699 1214 794 1274 τῆς
841 1208 1176 1275 δημηγορίας
1223 1210 1535 1276 χρήσασθαι
1579 1205 1709 1259 καθ’
1755 1206 1928 1276 ἡμῶν,

235 1304 455 1364 πρῶτον
494 1296 595 1364 μὲν
635 1295 667 1364 ἡ
707 1294 976 1363 μηδέποτε
1015 1294 1195 1363 ἀήθης
1234 1297 1420 1358 αὐτοῖς
1459 1297 1797 1363 ψευδολογία
1836 1293 1927 1348 καὶ

234 1387 526 1453 πρόχειρος
565 1383 691 1437 καθ’
741 1381 820 1437 ὧν
859 1384 928 1436 ἂν
966 1386 1277 1454 βούλωνται
1310 1386 1655 1453 συκοφαντία
1686 1385 1776 1437 καὶ
1817 1389 1930 1437 λοι-

169 1496 212 1529 ιο
238 1475 415 1541 δορία,
456 1474 718 1543 δεύτερον
758 1474 820 1526 δὲ
857 1473 948 1526 καῖ
989 1475 1048 1526 τὸ
1081 1471 1206 1542 παρ’
1245 1474 1380 1542 ὑμῖν
1412 1475 1705 1542 δικασταῖς,
1745 1475 1800 1526 οἳ
1829 1474 1929 1542 τὴν

235 1563 409 1629 αὐτὴν
464 1562 651 1624 αὐτοῖς
699 1565 895 1616 οἰκεῖτε
944 1565 1406 1631 Πελοπόννησον,
1461 1568 1746 1616 ποιεῖσθαι
1798 1564 1929 1625 τοὺς

236 1654 449 1718 λόγους.
503 1652 632 1713 τούς
678 1671 735 1703 τε
775 1653 879 1720 γὰρ
928 1651 1012 1704 ἀεὶ
1058 1653 1341 1718 μαθόντας
1389 1659 1663 1720 προτιμᾶν
1703 1653 1836 1704 ἄλλο
1876 1671 1928 1703 τι

234 1747 330 1808 τῆς
377 1739 640 1807 ἀληθείας
687 1738 748 1792 ἐν
795 1740 970 1807 ἀγῶνι
1017 1741 1248 1812 τοιούτῳ
1296 1739 1736 1806 καθισταμένους
1783 1738 1845 1792 ἐν
1886 1732 1928 1811 ᾧ

235 1829 469 1894 μάλιστα
499 1831 695 1895 καιρόν
728 1828 878 1881 ἐστιν
910 1829 1097 1891 αὐτοῖς
1131 1831 1258 1897 ἕχον
1289 1830 1348 1881 τὸ
1383 1830 1587 1891 ψεῦδος
1624 1828 1691 1881 οὐ
1733 1826 1928 1899 ῥᾴδιον

172 1938 215 1973 1⁶
239 1917 547 1970 παντάπασι
599 1925 699 1970 τοῦ
748 1919 1068 1987 μαθήματος
1117 1917 1354 1984 ἀμελεῖν,
1393 1918 1524 1979 τούς
1564 1937 1624 1984 γε
1662 1918 1772 1985 μὴν
1815 1926 1929 1979 τοῖς

236 2006 553 2070 δικάζουσιν
594 2007 666 2068 ὡς
706 2008 930 2069 οἰκείοις
970 2004 1096 2060 οὖσι
1139 2012 1512 2075 θαρροῦντας,
1563 2007 1634 2069 ὡς
1681 2007 1771 2059 καὶ
1817 2013 1929 2059 πᾶν

236 2095 427 2148 ὁτιοῦν
466 2094 843 2161 ψευδομένους
882 2093 1300 2162 ἀνεξελέγκτους
1339 2099 1558 2146 οἴεσθαι
1596 2103 1803 2162 μεῖναι,
1853 2095 1926 2163 μὴ

235 2185 411 2235 πολλὰ
457 2183 844 2251 θρασύνεσθαι
901 2181 990 2235 καὶ
1046 2183 1332 2250 παράλογα
1380 2182 1483 2235 οὐκ
1529 2183 1685 2245 εἰκός.
1763 2183 1811 2234 2.
1858 2182 1924 2236 οὐ

237 2273 344 2338 μὴν
384 2269 500 2324 ἀλλ’
549 2273 597 2324 εἰ
636 2272 738 2340 μὲν
778 2270 1034 2340 ἑωρῶμεν
1080 2271 1222 2339 ὑμᾶς
1262 2271 1711 2339 διατεθειμένους
1754 2272 1926 2324 καθά-

171 2379 337 2427 εοπερ
387 2358 604 2423 ἐδόξατε
644 2361 975 2427 Κορινθίοις
1021 2361 1126 2427 πρὸ
1167 2367 1265 2411 τοῦ
1314 2360 1649 2428 δημηγορεῖν
1696 2358 1927 2426 ἀνιέναι,

238 2450 298 2500 τὸ
341 2445 400 2501 δὲ
448 2445 518 2516 ἧν
563 2457 681 2510 ταῖς
729 2458 887 2516 σφῶν
933 2448 1161 2516 ἡδοναῖς
1207 2448 1347 2514 ὑμᾶς
1394 2449 1596 2510 αὐτοὺς
1643 2446 1926 2515 ἐπιτρέψαι

359 2609 403 2651 L
523 2630 578 2644 =
604 2608 758 2652 Codex
790 2607 1027 2652 Leidensis
1063 2607 1137 2651 Gr.
1164 2607 1213 2652 F.
1239 2612 1294 2650 49

371 2666 409 2709 V
519 2689 573 2703 =
601 2667 855 2710 Vabicanus
889 2682 954 2724 gr.
983 2671 1066 2709 933

359 2725 496 2768 Schm
523 2748 577 2762 =
603 2726 748 2770 editio
782 2726 1115 2769 Schmidtiana.

362 2863 382 2900 1
428 2857 727 2901 ποτιδαιάται
751 2858 846 2901 LV
882 2860 934 2901 ut
975 2858 1241 2901 constanter
1385 2862 1410 2900 5
1454 2840 1714 2911 κορινθίοις
1748 2858 1792 2900 V

243 2921 296 2958 12
329 2914 371 2959 τί
404 2916 447 2958 L
477 2919 531 2959 ut
563 2918 830 2960 constanter
