2010 3168
138 1046 184 1078 10

142 1490 184 1522 15

203 90 311 142 282
673 88 901 132 LIBANII
930 87 1319 132 DECLAMATIO
1351 87 1458 131 XIX

205 246 269 295 με
318 225 614 294 ἀγόμενον,
670 221 785 277 ἀλλ’
840 222 1071 286 ἐκείνοις
1119 244 1179 292 γε
1227 224 1330 278 οὐκ
1368 223 1657 292 ἐπιστελεῖ;
1709 223 1895 291 ἥκετε

204 316 603 381 θεασόμενοι
672 313 786 366 τὸν
854 311 1302 382 ἀδιάφθορον,
1361 314 1476 366 τὸν
1544 311 1894 366 ἀνάλωτον.

207 408 507 470 εἴληπται
546 402 653 455 καὶ
692 400 966 470 γέγονεν
997 399 1168 470 ε’μός,
1209 401 1327 454 οὐκ
1358 400 1424 454 ἐκ
1455 398 1895 470 παρατάξεως,

206 490 336 546 ἀλλ’
391 491 512 544 ἀπὸ
559 498 670 559 τῆς
725 489 1083 559 ἐκκλησίας.
1136 492 1505 560 περίστητε,
1552 487 1895 556 πατάξατε,

206 578 509 650 πλήξατε,
548 580 1023 649 μαστιγώσατε,
1062 581 1380 648 νείμασθε
1417 579 1492 631 τὰ
1530 577 1711 646 μέλη,
1750 578 1897 645 γεύ-

208 675 414 723 σασθε
475 678 600 721 τῶν
663 678 934 738 σαρκῶν.
997 664 1188 730 οὗτος
1247 667 1411 736 ὑμᾶς
1467 665 1685 721 ἐκάλει
1745 667 1898 728 τοὺς

207 757 401 825 ἐμοὺς
447 760 684 826 φίλους
728 758 1227 824 κακοδαίμονας.
1277 757 1732 810 διασπάσασθε
1782 756 1899 808 τὸν

208 848 567 916 εὐδαίμονα
606 847 792 915 ὑμεῖς
832 847 896 899 οἱ
929 847 1421 912 κακοδαίμονες.

320 935 406 988 33.
456 935 747 987 Βούλεσθε
792 933 970 1002 <θῶ>,
1016 930 1058 987 ὦ
1110 935 1309 1003 ἄνδρες
1361 932 1667 1002 Ἀθηναῖοι,
1722 934 1899 1000 φείσε-

209 1027 350 1078 σθαί
375 1043 483 1091 μου
515 1023 614 1075 τὸν
646 1024 970 1092 ἄνθρωπον,
1007 1031 1231 1091 πρᾶγμα
1269 1022 1575 1092 ἀμήχανον;
1619 1024 1774 1089 ἔστω,
1813 1022 1900 1074 δο-

208 1115 381 1166 κείτω.
415 1113 688 1178 βούλεσθε
720 1117 808 1164 θῶ
839 1110 932 1164 καὶ
963 1113 1122 1178 τιμὰς
1152 1109 1385 1164 ἔσεσθαί
1411 1131 1506 1180 μοι
1537 1109 1661 1179 παρ’
1703 1111 1904 1175 αὐτοῦς

210 1205 344 1254 ἔστω
372 1198 481 1270 [δὲ]
506 1199 595 1253 καὶ
629 1208 808 1253 τοῦτο.
847 1198 938 1252 καὶ
973 1203 1030 1253 τί
1057 1199 1256 1273 γένοιτ’
1296 1202 1366 1253 ἄν
1395 1220 1490 1269 μοι
1519 1207 1584 1270 τῇ
1620 1203 1901 1253 Φιλίππου

211 1291 624 1361 φιλανθρωπίᾳ,
664 1289 799 1341 ὅταν
837 1289 1155 1342 ἀποκτεῖναι
1192 1289 1386 1359 κύριος
1425 1287 1504 1341 ὢν
1544 1289 1721 1342 πολλὰ
1759 1289 1900 1342 ὀνει-

212 1381 368 1441 δίσας
409 1382 503 1447 ζῆν
549 1377 688 1448 ἀφῇς
735 1378 802 1431 οὐ
850 1379 1237 1447 φοβερώτερόν
1282 1398 1376 1447 μοι
1422 1378 1483 1430 τὸ
1529 1379 1762 1430 κώνειον
1807 1384 1902 1445 τῆς

210 1466 335 1537 παρ’
393 1467 608 1520 ἐκείνου
663 1468 1001 1535 φιλοτησίας.
1057 1468 1106 1519 εἰ
1160 1468 1263 1535 γὰρ
1319 1467 1384 1519 τὰ
1444 1465 1710 1533 βασιλέως
1763 1468 1903 1538 πρὸς

215 1555 583 1624 Θεμιστοκλέα
628 1558 922 1624 μιμήσαιτο
969 1563 1075 1624 γῆν
1121 1557 1314 1618 διδοὺς
1364 1556 1578 1623 πολλὴν
1630 1552 1755 1625 περὶ
1802 1557 1903 1625 τὴν

210 1648 448 1714 Βόλβην,
488 1646 537 1697 εἰ
575 1646 680 1715 γὰρ
720 1652 903 1697 πᾶσαν
941 1645 1042 1712 τὴν
1080 1645 1442 1712 Μυγδονίαν,
1486 1646 1537 1697 εἰ
1574 1644 1678 1713 γὰρ
1716 1643 1905 1698 Ἀνθε-

211 1742 422 1803 μοῦντα
468 1733 625 1802 ὅλον,
672 1735 735 1786 τὸ
783 1742 895 1786 τῶν
940 1735 1303 1801 ταλαιπώρων
1333 1731 1647 1786 Ὀλυνθίων
1690 1732 1902 1802 δέλεαρ,

331 1885 357 1924 2
380 1879 511 1924 Dem.
530 1893 619 1923 cor.
637 1893 681 1935 p.
700 1882 868 1932 325,14
910 1880 917 1935 Ι
958 1877 1071 1922 Xen.
1090 1878 1227 1936 AgeS.
1246 1882 1325 1933 8,8
1448 1883 1473 1921 3
1499 1878 1557 1922 cf.
1581 1893 1627 1935 p.
1646 1883 1781 1932 311‚1

212 1944 238 1983 6
271 1939 402 1983 Dem.
428 1953 518 1983 cor.
543 1954 590 1995 p.
615 1942 714 1991 324,
734 1942 790 1981 20
807 1952 875 1993 sq.
998 1942 1023 1980 9
1055 1937 1272 1982 Aeschin.
1298 1937 1417 1982 Ctes.
1443 1942 1468 1991 ξ
1496 1943 1580 1981 163
1604 1953 1650 1994 p.
1670 1943 1738 1992 77,
1757 1943 1782 1981 6

215 2004 269 2043 15
302 1999 445 2043 Thuc.
470 1998 492 2041 Ι
517 2001 602 2042 138
725 2002 778 2041 17
810 1997 918 2041 Her.
943 1995 1059 2040 V94
1087 1998 1094 2053 Ι
1121 1996 1252 2041 Dem.
1286 1997 1407 2041 Phil.
1431 1997 1475 2040 H
1506 2013 1551 2054 p.
1580 2001 1649 2052 70,
1668 2002 1723 2040 27

334 2136 356 2174 1
390 2146 441 2188 γε
473 2130 640 2187 scripsi
699 2147 747 2175 τε
777 2129 888 2173 libri
919 2129 1000 2173 sed
1033 2145 1082 2186 γε
1115 2130 1209 2173 add
1233 2130 1300 2174 1³²
1357 2129 1409 2175 τέ
1431 2147 1481 2187 γε
1505 2130 1598 2174 edd
1625 2132 1630 2187 Ι
1659 2130 1904 2175 ἐπιστέλλει

211 2190 323 2234 libri
355 2191 436 2234 sed
467 2192 537 2234 λεῖ
565 2203 781 2245 suprascr
803 2189 868 2234 Ρ2
930 2203 1032 2233 corr
1033 2147 1164 2232 2'Mor
1201 2192 1207 2245 Ι
1249 2187 1381 2245 ἥκετε
1413 2189 1578 2246 scripsi
1608 2202 1715 2233 'cum
1747 2188 1904 2234 Gasda

273 2247 414 2304 {juncte
445 2248 555 2292 libri
587 2249 678 2292 edd
824 2254 847 2291 7
888 2247 1217 2292 διασπάσασθε
1254 2249 1442 2305 reposui
1475 2263 1498 2291 e
1531 2248 1662 2291 libris
1696 2263 1801 2292 cum
1831 2249 1905 2292 Ia-

213 2308 373 2352 cobsio
412 2309 525 2352 Lect
550 2312 634 2351 102
666 2308 764 2351 Rev
788 2314 813 2351 3
846 2307 974 2350 Anth
1005 2306 1091 2350 Pal
1112 2307 1177 2350 ΙΙΙ
1209 2312 1291 2351 651
1328 2307 1510 2351 Sinteni
1542 2307 1698 2352 Gasda.
1730 2307 1903 2352 Cobeto

214 2367 384 2411 Mnem.
416 2367 475 2411 N.
500 2367 542 2411 S
569 2367 631 2410 III
656 2371 741 2410 248
804 2365 1162 2412 διασπάσασθαι
1193 2367 1285 2409 edd
1428 2371 1453 2410 9
1485 2370 1560 2411 θῶ
1591 2366 1766 2410 inserui
1797 2381 1904 2411 auc·-

212 2429 315 2470 tore
347 2426 503 2470 Gasda
563 2439 639 2470 om
668 2425 779 2469 libri
810 2426 902 2470 edd
943 2427 950 2478 Ι
999 2424 1247 2480 φείσεσθαι
1280 2425 1446 2482 scripsi
1506 2424 1764 2481 φείσασθαι
1794 2425 1905 2469 libri

214 2485 307 2528 edd
429 2489 481 2528 12
515 2484 567 2529 δὲ
599 2484 856 2528 cancellavi
884 2487 890 2541 Ι
917 2482 961 2528 τί
985 2483 1198 2556 (πλέον)
1232 2485 1337 2528 coni
1369 2484 1525 2528 Gasda
1551 2488 1558 2541 Ι
1583 2491 1639 2540 τῇ
1674 2482 1904 2529 Φιλίππου

216 2541 553 2603 φιλανθρωπία
585 2544 751 2599 scripsi
825 2549 908 2599 τῆς
938 2542 1167 2598 φιλίππου
1201 2542 1564 2611 φιλανθρωπίας
1597 2543 1707 2587 libri
1738 2544 1830 2587 edd

213 2588 609 2671 praepositionem
625 2605 733 2647 ante
755 2608 837 2659 τῆς
860 2602 1087 2646 excidisse
1112 2603 1217 2646 coni
1234 2603 1389 2646 Gasda
1512 2608 1567 2646 14
1585 2603 1904 2660 φοβερωτερον

216 2662 382 2718 scripsi
414 2676 517 2705 cum
543 2661 699 2705 Gasda
775 2659 980 2719 φοβερόν
1010 2660 1121 2704 libri
1153 2661 1245 2704 edd
1320 2662 1426 2706 ἀντὶ
1457 2661 1531 2704 vel
1561 2661 1651 2715 πρὸ
1684 2663 1794 2704 ante
1822 2666 1906 2717 τῆς

218 2721 444 2765 excidisse
469 2720 572 2764 coni
603 2720 764 2764 Iacobs
808 2721 913 2777 App
953 2720 1064 2764 Pors
1097 2724 1180 2763 311
1215 2721 1328 2764 Lect
1359 2725 1444 2764 102
1476 2720 1573 2763 Rev
1603 2725 1628 2763 3
1662 2720 1789 2763 Anth
1819 2719 1904 2764 Pal

216 2779 281 2822 ΠΙ
312 2784 395 2823 651
543 2783 597 2822 15
630 2776 813 2824 ἐκείνου
846 2779 1012 2836 scripsi
1043 2792 1100 2823 ex
1122 2780 1217 2823 Ath
1248 2793 1354 2823 cum
1375 2779 1584 2824 Iacobsio
1616 2781 1663 2822 et
1688 2778 1845 2823 Gasda

216 2836 341 2883 ἐκείν
343 2838 556 2894 ηςΡθᾶᾶ
677 2842 731 2881 16
764 2838 937 2894 πολλὴν
968 2838 1129 2888 διδοὺς
1152 2839 1247 2881 Ath
1362 2843 1415 2881 17
1449 2839 1560 2894 εἰ(1)
1592 2837 1758 2894 scripsi
1799 2852 1904 2881 cum

218 2896 427 2941 Iacobsio
460 2899 507 2940 el:
540 2896 695 2940 Gasda
758 2897 812 2940 οὐ
843 2896 953 2939 libri
985 2897 1075 2939 edd
