2010 3168
408 123 636 169 MOROSI
666 122 876 168 FILIUM
904 119 1266 167 ABDICANTIS
1298 121 1521 167 ORATIO
1702 122 1809 176 553

123 263 266 317 πόσα
319 258 513 314 οἴεσθέ
561 279 630 332 με,
683 259 909 328 ἠνίασεν
951 258 984 327 ἢ
1030 260 1160 321 τοὺς
1209 259 1380 322 κύνας
1433 268 1543 312 τῶν
1597 258 1811 327 νομέων

125 348 394 419 ἐξαγριῶν
446 348 479 418 ἢ
533 350 627 412 τὰς
680 349 949 417 γεράνους
1000 356 1119 410 ταῖς
1173 348 1372 414 βώλοις
1430 347 1724 416 ἀποσοβῶν
1778 349 1810 418 ἢ

124 442 308 502 λίθοις
346 439 567 508 βάλλων
605 439 701 501 τὰς
740 433 897 506 αἶγας
934 436 966 506 ἢ
1006 437 1104 490 τὸν
1144 438 1300 490 δεῖνα
1340 437 1490 500 ὅστις
1521 435 1634 490 ἐστὶ
1675 456 1807 490 πυν-

123 530 434 597 θανόμενος
473 527 506 596 ἢ
552 529 728 580 πόσον
772 534 868 595 τῆς
915 526 1052 579 ὁδοῦ
1098 526 1159 579 τὸ
1207 528 1532 595 λειπόμενον
1579 525 1810 597 ὡσπερεὶ

122 617 223 686 τὴν
268 615 402 670 ὁδὸν
448 615 579 683 ἐμοῦ
634 616 1165 684 καταμεμετρηκότος
1210 613 1242 683 ἢ
1290 617 1421 678 τοὺς
1474 613 1809 683 ἀνθρώπους
1857 636 1876 668 5

121 713 216 775 τῆς
254 706 432 775 χώρας
469 705 858 775 ἠριθμηκότος,
899 703 976 772 ὅς,
1016 704 1109 757 ἵνα
1147 703 1285 773 μηδὲ
1324 705 1474 757 ἄκων
1511 703 1621 757 τινὶ
1660 723 1810 774 περι-

121 795 292 864 τύχω,
347 791 477 847 οὐδὲ
523 794 624 862 τὴν
676 794 945 861 δημοσίαν
993 797 1167 846 εἴωθα
1206 794 1450 860 βαδίζειν
1496 792 1645 862 ὁδόν,
1685 794 1813 848 ἀλλ’

122 882 514 953 ἐκτρεπόμενος
559 883 694 936 κατὰ
742 883 806 936 τὰ
850 884 1023 952 χωρία
1069 888 1353 936 ποιεῖσθαι
1407 885 1537 947 τοὺς
1585 883 1809 953 περιπά-

122 992 274 1043 τους;
323 971 352 1026 ὁ
393 968 453 1025 δὲ
493 972 637 1039 ὅμως
675 970 766 1024 καὶ
805 973 936 1035 τοὺς
983 969 1044 1024 ἐν
1082 979 1147 1042 τῇ
1188 973 1448 1044 λεωφόρῳ
1488 973 1812 1040 βαδίζοντας

121 1060 277 1131 ἠξίου
316 1062 628 1129 μανθάνειν
672 1070 785 1114 τῶν
832 1060 1005 1114 ἀετῶν
1050 1059 1314 1129 ὀξύτερόν
1361 1081 1427 1130 με
1465 1060 1688 1131 βλέπειν
1726 1081 1809 1116 κε-
1836 1081 1879 1114 ιο

124 1151 314 1204 λεύων.
355 1149 443 1221 ἐφ’
489 1143 573 1214 οἷς
611 1151 818 1203 ἅπασιν
862 1150 1303 1220 ἀποπνιγόμενος
1349 1150 1493 1220 ὅμως
1540 1150 1811 1221 διεκαρτέ-

126 1260 283 1311 ρουν,
310 1239 411 1302 ἕως
443 1241 521 1303 εἰς
551 1241 612 1293 τὸ
645 1241 782 1293 ἄστυ
814 1239 946 1293 ποτὲ
976 1238 1066 1293 καὶ
1098 1241 1200 1309 τὴν
1227 1239 1437 1309 ἀγορὰν
1470 1239 1810 1310 ἐνεβάλομεν.

125 1329 174 1383 6.
215 1329 460 1383 ἐνταῦθα
504 1328 581 1397 δέ,
621 1330 693 1392 ὡς
733 1329 900 1383 οὐδὲν
945 1325 1016 1398 ἣν
1057 1329 1195 1398 ὁρᾶν
1234 1328 1490 1396 ἀνεκτόν,
1539 1329 1676 1383 ἀλλὰ
1725 1349 1812 1398 γε-

123 1422 332 1481 λῶντας
386 1415 456 1473 αὖ
501 1418 656 1472 κάκεῖ
708 1421 838 1482 τοὺς
887 1419 1151 1488 πολλούς,
1207 1418 1504 1487 ὀμνύντας,
1559 1418 1813 1488 ἀλλήλοις

122 1507 611 1578 λοιδορουμένους,
658 1511 770 1573 ὄψα
817 1508 1090 1579 φέροντας
1136 1509 1203 1562 οὐ
1249 1510 1387 1578 πρὸς
1424 1511 1638 1579 χρείαν,
1686 1506 1877 1561 ἀλλίε

121 1596 354 1651 ἕκαστον
413 1597 670 1651 ἐνιαυτοῦ
733 1600 949 1669 τροφὴν
1007 1602 1233 1661 πολλοῖς
1296 1598 1435 1667 ὁμοῦ
1498 1608 1812 1667 σωφρονεῖν

121 1685 469 1756 δυναμένοις,
509 1688 602 1741 ἵνα
631 1689 704 1758 μὴ
737 1686 1151 1757 παροξυνοίμην
1181 1694 1352 1740 ταῦτα
1385 1687 1547 1755 ὁρῶν,
1581 1686 1812 1756 ἀπῆγον,

239 1882 264 1920 2
303 1878 360 1921 cf.
393 1893 438 1935 p.
466 1882 566 1934 559,
584 1882 623 1922 3.
657 1878 864 1935 Alciphr.
898 1891 969 1935 ep.
996 1878 1060 1922 111
1085 1882 1140 1922 34
1287 1884 1340 1922 12
1382 1877 1439 1922 cf.
1474 1878 1535 1921 ad
1565 1893 1610 1935 p.
1637 1874 1736 1931 51⁴4,
1757 1881 1811 1921 16

241 2062 261 2099 1
302 2055 450 2101 πόσον
478 2056 597 2102 OlM
640 2060 646 2109 Ι
698 2055 856 2101 οἴεσθέ
890 2058 959 2101 Va
998 2057 1080 2100 sed
1112 2055 1134 2101 έ
1163 2057 1213 2099 in
1252 2070 1327 2100 ras
1365 2057 1419 2099 ut
1456 2055 1640 2099 videssur
1675 2068 1730 2098 ex
1762 2071 1811 2098 αι

120 2130 221 2160 corr
250 2116 321 2159 m²
362 2117 369 2175 Ι
418 2116 565 2166 κύνας
598 2117 667 2162 Va
698 2116 780 2160 sed
812 2133 898 2166 νας
927 2116 978 2160 in
1009 2131 1084 2160 ras
1116 2115 1185 2159 m²
1306 2121 1331 2159 2
1363 2115 1447 2166 τὰς
1480 2117 1548 2160 Va
1580 2114 1661 2158 sed
1693 2131 1723 2157 α
1755 2127 1811 2158 ex

398 2192 480 2227 ους

120 2250 174 2279 ου
206 2248 308 2278 corr
367 2234 451 2286 τὰς
474 2236 519 2279 Β
561 2234 568 2291 Ι
610 2241 707 2286 τοῖς
739 2235 808 2279 Va
840 2235 922 2279 sed
954 2242 1029 2286 αῖς
1060 2248 1277 2292 suprascr
1307 2235 1389 2287 ω’,
1418 2234 1469 2279 Ol
1511 2238 1516 2288 Ι
1559 2234 1707 2277 ἀποσο
1743 2233 1811 2277 Va

238 2299 263 2337 3
296 2293 379 2350 τὴν
407 2294 459 2338 CI
485 2297 492 2350 Ι
519 2291 620 2351 ἤτίς
646 2294 698 2339 01
729 2295 811 2338 sed
837 2292 867 2351 ἤ
891 2307 915 2338 e
933 2330 944 2348 ‚
977 2308 1079 2338 corr
1100 2294 1170 2337 m⁸
1291 2298 1318 2337 4
1352 2292 1501 2348 ὥσπερ
1528 2293 1568 2336 εἰ
1593 2293 1691 2336 HB

121 2357 146 2396 5
180 2351 532 2410 μεμελετηκότος
555 2354 600 2397 Β
729 2357 755 2396 6
787 2353 848 2410 μὴ
882 2352 933 2398 δὲ
958 2355 1056 2398 HB
1069 2354 1192 2398 Vaoz
1320 2357 1347 2396 8
1380 2350 1708 2407 ἐκτρεπόμενος
1743 2352 1811 2395 Va

121 2413 203 2456 sed
226 2412 236 2426 '
265 2426 404 2468 supra.
435 2429 459 2457 ο
493 2415 540 2457 et
571 2412 700 2463 oc‘in
732 2427 806 2456 ras
838 2412 908 2456 m²
939 2416 988 2457 et
1011 2412 1023 2428 ‘
1049 2427 1189 2469 supra
1221 2428 1242 2456 ε
1275 2425 1376 2456 eras
1451 2409 1811 2467 ἐκτρεπομένους

119 2471 221 2515 Mor
247 2475 253 2529 Ι
280 2471 338 2515 τὰ
369 2486 445 2515 om
479 2473 548 2516 Va
606 2472 733 2517 inser
757 2474 836 2517 My
967 2478 992 2516 9
1027 2470 1140 2522 ὅλως
1166 2473 1219 2517 01
1250 2472 1330 2515 sed
1356 2474 1380 2514 λ
1402 2471 1451 2514 in
1474 2484 1548 2513 ras
1573 2469 1643 2512 m³
1670 2471 1675 2526 Ι
1703 2472 1810 2512 λεω-

120 2528 250 2590 φόρῳ
278 2532 331 2576 Ol
361 2531 443 2574 sed
475 2549 510 2574 ω
541 2531 667 2574 inser
688 2531 759 2574 m⁸
881 2535 935 2575 10
968 2530 1184 2586 ὀξύτερόν
1208 2546 1261 2587 με
1285 2530 1470 2588 βλέπειν
1494 2528 1691 2574 κελεύων
1719 2535 1809 2572 τῶν

121 2590 268 2634 ἀετῶν
300 2589 401 2633 Mor
450 2592 456 2644 Ι
505 2606 559 2646 με
599 2604 675 2634 om
699 2591 803 2635 HV
943 2596 996 2634 12
1041 2589 1124 2641 ἕως
1148 2617 1202 2623 -
1229 2589 1503 2647 ένεβάλομεν
1542 2587 1809 2644 praemissis

121 2649 271 2693 verbis
299 2648 502 2707 ἐμβάλλω
527 2649 578 2693 τὸ
604 2647 877 2707 εἰσέρχομαι.
904 2648 1128 2708 Λιβάνιος
1149 2650 1266 2694 citat
1283 2648 1421 2692 Andr.
1443 2647 1703 2703 Lopadiota
1720 2646 1808 2690 lex.

121 2707 322 2751 Vindob.
348 2723 383 2752 s.
407 2723 450 2752 v.
476 2707 679 2767 ἐμβάλλω
702 2724 748 2766 p.
774 2714 845 2762 56,
865 2714 918 2753 12
936 2709 1104 2753 Nauck
1130 2711 1136 2766 Ι
1165 2709 1230 2760 εἰς
1254 2708 1379 2751 inser
1404 2706 1495 2751 Va’
1522 2709 1529 2763 Ι
1554 2706 1607 2750 τὸ
1635 2705 1808 2749 inserui

121 2780 177 2810 ex
204 2768 346 2812 HVB
360 2767 450 2812 Va'
479 2767 643 2824 Lopad
703 2781 778 2811 om
804 2768 922 2814 (ΠΜ
947 2768 1038 2812 edd
1070 2768 1127 2812 cf.
1160 2783 1204 2824 p.
1235 2772 1335 2820 551,
1355 2770 1409 2810 18
1438 2768 1443 2821 Ι
1470 2765 1581 2809 ποτὲ
1613 2779 1686 2808 om
1715 2765 1767 2809 Ol
1800 2768 1804 2823 Ι

121 2825 421 2884 ἑνεβάλλομεν
446 2827 551 2871 HV
680 2831 734 2870 13
767 2827 962 2872 ἀνεκτὸν
994 2827 1110 2882 ὁρᾶν
1134 2827 1236 2871 Mor
1369 2830 1423 2868 14
1455 2822 1514 2868 ἂν
1549 2825 1616 2869 Va
1647 2823 1729 2867 sed
1759 2823 1809 2868 in

120 2881 180 2928 αὖ
213 2898 315 2929 corr
336 2885 420 2941 m',
447 2887 509 2930 Μ
531 2887 537 2939 Ι
564 2886 702 2930 κακοὶ
727 2886 780 2931 Ol
803 2887 884 2930 sed
907 2886 956 2929 in
981 2887 1118 2931 κάκεῖ
1146 2899 1247 2930 corr
1276 2884 1347 2927 m³
1387 2887 1394 2940 1
1430 2883 1687 2940 ὀμνύοντας
1710 2883 1816 2928 HV

241 2948 295 2989 15
327 2944 411 3003 τὴν
444 2946 553 2989 ante
585 2942 748 3003 χρείαν
772 2946 829 2990 H
834 2945 903 3002 Vl
931 2944 1068 3003 χάριν
1100 2946 1139 2991 Β
1262 2949 1315 2987 16
1350 2941 1539 2994 ἕκαστος
1561 2942 1667 2987 HV
