2010 3168
608 108 1073 155 CORINTHIORUM
1106 107 1330 153 ORATIO
1746 107 1816 160 39

129 255 297 300 οῦτον
349 247 535 308 αὐτοῖς
589 245 794 314 ἐκείνη,
841 245 979 298 ἀλλὰ
1026 245 1091 298 τὰ
1139 246 1304 314 ἄγρια
1344 245 1567 313 φύουσα
1613 244 1819 313 ἥμερον

126 339 267 400 ζῶον
320 337 419 389 τὸν
472 335 778 404 ἄνθρωπον
832 330 942 402 εἶχε
995 334 1086 386 καὶ
1140 333 1402 402 ἀμίαντός
1454 351 1511 386 τε
1565 328 1635 401 ἦν
1681 333 1818 401 αὐτὴ

128 424 416 486 κάκείνους
453 425 739 493 καθαροὺς
778 424 940 485 ὄντας
977 420 1186 491 ἔτρεφε.
1227 422 1314 475 51.
1353 428 1527 474 ταῦτα
1563 421 1689 489 μέν,
1730 422 1819 474 ὅτε

127 513 258 566 οὔτε
301 514 486 574 πόλεις
533 508 672 580 ἦσαν
719 510 846 564 οὔθ’
891 512 924 579 ἡ
972 519 1225 581 παροῦσα
1271 511 1409 578 αὕτη
1461 512 1820 580 διακόσμησις

128 600 218 653 καὶ
258 603 542 670 οἰκονομία
580 609 680 653 τοῦ
721 603 872 668 βίου·
912 608 1019 653 νῦν
1059 598 1106 652 δ’
1154 600 1242 652 ὅτε
1280 600 1386 668 ἤδη
1423 600 1603 652 πάντα
1643 598 1820 652 διατέ-

1867 619 1885 652 5

126 709 314 742 τακται
352 689 442 742 καὶ
481 690 647 758 μεστὴ
688 687 790 758 μὲν
828 690 972 759 ὥρας
1009 691 1263 757 ποικίλης
1293 688 1326 756 ἡ
1363 689 1368 758 Ι
1405 697 1491 757 γῆ,
1532 708 1639 757 φυ-
1684 692 1805 736 RIV
1823 697 1908 736 368

125 788 265 832 τεῖαι
305 775 365 831 δὲ
403 780 493 831 καὶ
533 780 723 849 ἄροτοι
769 780 975 832 πεδίων
1020 798 1078 831 τε
1124 779 1215 831 καὶ
1262 777 1460 847 ὀρέων,
1512 784 1819 847 γεωργοῦσι

124 865 175 920 δ’
223 868 325 921 οὐκ
365 869 656 935 ἄνθρωποι
687 870 880 935 μόνον,
920 867 1060 920 ἀλλὰ
1091 866 1181 920 καὶ
1214 870 1321 932 ζῶα
1354 867 1457 920 ὅσα
1489 864 1820 933 ἐζευξάμεθα

81 959 206 1019 ,είς
258 960 557 1009 κοινωνίαν
610 966 738 1013 τῶν
774 959 986 1022 πόνων,
1040 957 1178 1009 ὥστε
1231 956 1353 1025 μηδ’
1411 956 1443 1024 ἡ
1497 956 1673 1023 πολλὴ
1725 964 1821 1024 τῆς

127 1045 332 1113 ἀλόγου
372 1046 591 1114 φύσεως
623 1046 814 1116 ἄγριος
845 1044 934 1098 καὶ
966 1046 1268 1115 θηριώδης,
1307 1046 1430 1098 τότε
1470 1044 1602 1113 ἡμῖν
1633 1044 1820 1106 αὐτοῖς

124 1134 380 1203 θηριώδη
419 1135 545 1201 βίον
593 1133 868 1203 Ἀθηναῖοι
913 1140 1300 1203 νομοθετοῦσι.
1349 1134 1436 1186 52.
1477 1132 1568 1186 καὶ
1614 1134 1681 1186 τὰ
1719 1133 1820 1202 μὲν

126 1225 368 1291 τρόφιμα
406 1231 500 1291 τῆς
532 1222 757 1293 ἐρημίας
788 1233 901 1275 τῶν
932 1223 1235 1292 ὁμοφύλων
1267 1225 1489 1291 συνίησι
1521 1223 1613 1275 καὶ
1645 1222 1820 1291 ἀσφα-

127 1315 235 1374 λῶς
275 1311 490 1374 λέοντες
528 1313 630 1380 μὲν
670 1311 874 1380 λέουσι,
916 1313 1076 1365 λύκοι
1109 1312 1171 1365 δὲ
1201 1312 1391 1374 λύκοις
1422 1312 1819 1381 συναγελάζον-

127 1421 239 1468 ται,
281 1402 338 1453 οἱ
374 1398 432 1452 δὲ
477 1402 789 1453 Ποτίδαιαν
835 1402 1117 1462 οἰκοῦντες
1165 1402 1455 1470 ἄνθρωποι
1502 1401 1671 1471 ταύτῃ
1720 1400 1820 1453 οὐκ

127 1492 291 1558 ἔσχον
331 1489 528 1559 ὁμοίαν
574 1491 676 1558 τὴν
721 1490 1053 1559 ἀσφάλειαν,
1102 1489 1238 1542 ἀλλὰ
1286 1488 1528 1542 διέσπων
1573 1490 1663 1542 καὶ
1710 1491 1818 1542 διε-

127 1579 439 1647 σπάραττον
477 1579 750 1647 ἀλλήλους
796 1577 1180 1646 προτιθέντων
1226 1579 1413 1641 αὐτοῖς
1458 1580 1561 1647 τὴν
1603 1579 1820 1631 δίαιταν

127 1668 332 1735 ταύτην
374 1667 747 1735 Εὐμολπιδῶν
785 1666 873 1719 καὶ
910 1668 1185 1736 Κηρύκων
1223 1676 1335 1719 τῶν
1374 1666 1480 1720 ἀπὸ
1512 1674 1608 1736 τῆς
1640 1665 1820 1719 Ἐλευ-

125 1767 282 1818 σῖνος
321 1757 374 1808 οἱ
414 1761 684 1824 καθαροῖς
722 1756 877 1824 ἥκειν
914 1758 1011 1818 τὰς
1050 1765 1233 1826 χεῖρας
1271 1765 1386 1819 τοῖς
1417 1756 1649 1825 μύσταις
1687 1773 1822 1824 προ-

250 1936 302 1974 12
346 1930 452 1974 Her.
480 1931 543 1974 IV
570 1936 669 1985 114,
688 1936 725 1974 1.
775 1931 918 1974 Thuo.
945 1931 964 1974 I
991 1935 1031 1985 3,
1050 1937 1077 1975 4
1224 1936 1275 1975 17
1323 1931 1380 1977 cf.
1414 1931 1530 1975 decl.
1564 1931 1714 1975 Alcib.
1748 1931 1819 1975 ed.

126 1989 233 2034 Meil.
275 1985 427 2034 G'raux
474 2006 518 2046 p.
550 1995 745 2042 637,41.
794 1990 937 2034 Thuc.
973 1990 1078 2033 VIII
1110 1994 1247 2045 53,2.
1295 1991 1431 2035 Isocr.
1465 2004 1634 2047 paneg.
1678 1997 1702 2044 ξ
1737 1995 1819 2034 157

126 2064 172 2105 p.
201 2055 254 2094 73
273 2050 316 2092 d.
350 2050 515 2093 Aesch.
548 2064 612 2092 or.
639 2050 702 2093 III
729 2054 782 2092 18

247 2217 274 2254 4
313 2211 443 2260 πόλις
474 2209 592 2256 οὖσα
626 2213 684 2256 Vi
722 2213 802 2257 sed
841 2210 997 2262 πόλεις
1035 2208 1153 2269 ἦσαν
1189 2213 1236 2256 in
1268 2227 1402 2270 marg
1434 2213 1517 2268 11ιῖ,
1546 2212 1690 2258 Mam

127 2276 153 2313 5
187 2267 232 2316 δ’
271 2268 342 2314 ὅτε
379 2272 434 2315 Vi
463 2271 545 2315 sed
578 2270 630 2317 δὲ
668 2273 719 2315 in
750 2285 884 2329 marg
914 2271 984 2315 111²
1025 2275 1031 2328 Ι
1075 2270 1148 2317 οτε
1180 2274 1288 2328 post
1319 2271 1408 2328 ἤδη
1442 2273 1565 2315 inser
1597 2272 1656 2316 Vi
1695 2274 1701 2328 Ι
1751 2269 1822 2315 τέ-

125 2346 293 2374 τακται
318 2330 435 2373 CrH
441 2330 483 2372 V
598 2334 625 2374 8
658 2331 708 2375 δὲ
745 2331 787 2372 V
784 2331 949 2376 ιΜαίἼ
976 2338 982 2388 Ι
1010 2336 1120 2383 ζῶια
1148 2332 1208 2376 Cr
1341 2335 1365 2374 9
1399 2330 1512 2376 ὥστε
1547 2333 1604 2376 Vi
1634 2331 1715 2374 sed
1750 2328 1822 2374 ’ὅτε

126 2388 174 2432 in
208 2403 342 2446 marg
373 2389 442 2432 m²
469 2392 474 2445 Ι
503 2390 563 2446 μὴ
598 2387 643 2434 δ’
675 2390 1052 2435 OoeHBViMan
1189 2395 1243 2434 10
1276 2394 1384 2434 ante
1416 2389 1517 2436 τότε
1548 2390 1622 2434 lac
1657 2394 1711 2433 10
1744 2389 1823 2433 litt

137 2449 195 2492 Vi
221 2450 226 2505 Ι
253 2446 355 2492 τότε
387 2450 512 2492 inser
538 2448 648 2493 Ma⁸
710 2463 786 2492 om
813 2450 864 2494 Cl
1010 2455 1060 2493 11
1096 2450 1326 2506 ἁθηναῐοι
1356 2451 1570 2506 θηριώδη
1603 2447 1708 2508 βίον
1735 2449 1822 2493 Ma

102 2506 137 2565 ={
172 2506 230 2550 τὰ
261 2506 362 2551 τότε
394 2507 477 2564 μὲν
507 2506 729 2576 τρόφιμα
738 2509 807 2551 Μ
813 2525 823 2551 ι
858 2509 940 2552 sed
973 2526 1027 2566 γρ
1059 2508 1117 2552 τὰ
1149 2510 1233 2564 μὲν
1263 2509 1469 2565 τρόφιμα
1501 2509 1550 2552 in
1582 2522 1715 2564 marg
1738 2507 1820 2562 m⁸‚

129 2566 183 2610 Ol
306 2571 359 2609 14
391 2567 534 2625 ταύτῃ
567 2567 733 2623 scripsi
764 2571 818 2611 ut
850 2568 956 2611 coni
988 2568 1089 2611 Mor
1149 2568 1324 2624 ταύτην
1355 2568 1464 2611 libri
1497 2568 1587 2612 edd
1630 2570 1636 2623 Ι
1690 2569 1821 2623 „som

128 2626 213 2671 οὐκ
253 2625 407 2681 ἔσχον,
452 2623 556 2671 οὐδ’
593 2624 787 2682 ὀμοίαν“
834 2626 900 2670 Re
1048 2631 1101 2669 15
1146 2627 1488 2680 διεσπαρασσον
1521 2628 1580 2671 Co
1582 2627 1680 2671 ΗΒ

133 2689 184 2726 16
217 2684 566 2738 προστιθέντων
595 2686 683 2730 Μα
807 2690 858 2728 17
894 2684 1183 2741 εὐμολπίδων
1219 2688 1368 2731 ViMa
1399 2686 1479 2730 sed
1512 2689 1561 2729 in
1594 2686 1681 2729 hoc
1707 2683 1822 2730 ίδων

127 2741 179 2785 in
211 2744 325 2786 ιδών
358 2757 460 2788 corr
490 2744 573 2799 m⁸‚
600 2745 653 2790 Ol
689 2747 695 2800 Ι
739 2745 969 2800 Κτρύκων
1001 2745 1169 2800 scripsi
1229 2746 1445 2801 κηρύκων
1477 2745 1567 2788 edd
1692 2748 1744 2788 18
1778 2743 1822 2787 οἱ

127 2803 177 2845 et
206 2803 603 2876 προαγορεύοντες
634 2803 798 2860 scripsi
830 2803 922 2848 coll
952 2819 998 2860 p.
1025 2809 1096 2858 20,
1119 2808 1158 2854 9,
1191 2807 1244 2847 ut
1275 2804 1379 2848 coni
1412 2801 1575 2848 Iacobs
1600 2804 1712 2847 Leet
1740 2808 1821 2846 115

188 2859 234 2904 οἱ
265 2864 312 2903 et
343 2862 762 2918 προσαγορεύοντες
787 2862 1163 2907 GrHBViMaCl
1239 2863 1283 2906 οἳ
1315 2868 1363 2906 et
1393 2863 1817 2919 προσαγορεύοντες

139 2918 183 2961 V
237 2916 291 2962 οὗ
318 2922 365 2963 et
387 2921 786 3000 προαγορεύουσιν
805 2922 861 2964 Μ
886 2921 976 2964 edd
1004 2924 1011 2975 Ι
1040 2920 1170 2978 ἥκειν
1198 2923 1256 2966 Vi
1279 2923 1360 2966 sed
1384 2921 1499 2978 ὴκὸν
1531 2922 1580 2964 in
1604 2934 1738 2977 marg
1754 2920 1823 2962 m²

1849 1066 1888 1097 10

1849 1509 1888 1542 15
