2010 3168
571 73 960 119 ARISTOPHON
962 73 1053 118 TIS
1086 71 1311 117 ORATIO
1686 76 1711 126 1
1721 73 1752 127 8
1760 75 1786 126 1

101 213 268 266 ταύτὸ
307 214 452 281 βῆμα
492 210 829 278 ἀναβαίνων,
869 207 955 278 ἐφ’
1002 204 1070 262 οὗ
1116 210 1422 279 Μιλτιάδης
1460 210 1561 278 τὴν
1601 206 1795 273 ἔξοδον

104 301 428 371 ἐδημηγόρει
474 297 565 352 καὶ
616 302 988 367 Θεμιστοκλῆς
1034 300 1363 369 πανοικησία
1409 302 1569 352 πλεῖν
1615 297 1795 351 ἐπολι-

104 391 288 445 τεύετο
335 387 426 442 καὶ
465 391 663 457 Κίμων
711 387 828 458 [οὐ]
867 380 1112 457 προῆγεν
1158 389 1284 457 ἄχρι
1325 389 1665 456 Παμφυλίας
1704 387 1795 439 καὶ

103 483 380 549 Περικλῆς
433 478 536 546 τὴν
586 475 830 545 Ἀττικὴν
885 475 1074 530 ἐδίδου
1129 486 1245 539 τοῖς
1300 479 1794 544 Πελοποννησίοις,

103 567 442 636 τηλικούτων
482 566 750 635 διάδοχος·
772 565 1022 635 ρητόρων
1061 566 1127 619 οὐ
1160 568 1561 635 κληρονομήσει
1590 563 1594 636 l
1630 569 1886 614 H.X11220

106 658 165 709 τὸ
198 657 456 726 φρόνημα
489 656 620 724 μετὰ
652 662 752 708 τοῦ
784 657 1047 724 βήματος;
1088 655 1174 707 62.
1214 654 1353 708 ἀλλὰ
1384 656 1439 707 τί
1467 653 1681 725 πράξει;
1723 655 1796 716 ὡς
1843 675 1863 707 6

103 743 385 812 Κέφαλος,
448 744 886 812 εὐλαβηθήσεται
954 746 1085 807 τοὺς
1145 744 1458 812 βασκάνους
1526 742 1618 796 καὶ
1686 752 1797 796 τῶν

103 835 295 886 αἰτιῶν
355 834 452 896 τὰς
506 834 662 895 σκιὰς
716 834 1122 901 φοβηθήσεται;
1183 834 1474 901 μιμήσεται
1535 833 1638 901 τὴν
1693 833 1798 901 σὴν

102 922 383 990 ἄνανδρον
413 925 722 986 πολιτείαν;
762 922 863 975 οὐκ
897 921 1019 990 ἐγώ.
1049 923 1175 992 περὶ
1205 925 1492 992 πρωτείων
1524 921 1608 975 ἀεὶ
1642 926 1795 975 πολι-

102 1012 342 1080 τεύομαι.
367 1008 578 1080 <ὑπὲρ>
604 1009 765 1079 δόξης
787 1009 949 1080 <καὶ>
972 1012 1268 1080 ἡγεμονίας
1291 1010 1495 1065 οὐδένα
1526 1012 1797 1064 κίνδυνον
1823 1032 1865 1064 10

102 1098 395 1167 ἐξίσταμαι.
443 1101 536 1153 διὰ
586 1097 734 1153 τοῦτ’
782 1099 866 1153 ἀεὶ
904 1103 1181 1170 κρίνομαι,
1221 1101 1287 1153 οὐ
1338 1103 1472 1169 ζητῶ
1521 1101 1627 1169 γὰρ
1669 1100 1698 1153 ὅ
1744 1120 1795 1152 τι

103 1189 303 1258 λεχθὲν
344 1189 446 1258 οὐχ
485 1187 592 1252 ἕξει
631 1192 983 1258 κατηγορίαν,
1024 1187 1141 1242 ἀλλ’
1190 1189 1219 1242 ὅ
1259 1209 1311 1242 τι
1351 1197 1534 1242 πᾶσαν
1574 1189 1798 1257 αὐξήσει

104 1279 204 1347 τὴν
235 1280 400 1331 πόλιν
431 1279 521 1331 καὶ
552 1280 770 1347 ποιήσει
802 1284 1149 1345 φθονεῖσθαι
1180 1279 1278 1331 τὸν
1308 1275 1412 1348 μὲν
1442 1279 1623 1348 δῆμον
1652 1279 1798 1348 παρὰ

101 1377 216 1430 τοῖς
256 1366 507 1436 ΓΈλλησι,
561 1368 708 1437 παρὰ
764 1364 825 1420 δὲ
878 1367 1013 1436 ὑμῖν
1068 1365 1184 1434 ἐμέ,
1250 1367 1316 1421 οὐ
1371 1368 1510 1437 πρὸς
1560 1365 1800 1436 ἐμαυτὸν

103 1465 325 1509 σκοπῶν
364 1456 430 1508 τὰ
470 1454 658 1508 λεκτέα
697 1455 786 1508 καὶ
825 1456 892 1508 τὰ
929 1458 1028 1525 μή,
1075 1457 1213 1526 πρὸς
1254 1452 1315 1509 δὲ
1354 1457 1415 1509 τὸ
1454 1457 1648 1509 κοινὸν
1686 1465 1799 1509 τῶν
1824 1478 1866 1510 15

101 1543 409 1614 Ἀθηναίων
464 1543 686 1613 ἀξίωμα.
751 1545 837 1598 63.
883 1552 1048 1598 τοῦτο
1095 1545 1297 1615 μέτρον
1348 1538 1490 1598 εἶναι
1537 1546 1639 1615 χρὴ
1689 1554 1800 1598 τῶν

100 1634 540 1702 πολιτευμάτων,
594 1633 685 1686 καὶ
740 1635 838 1687 τὸν
885 1634 1056 1687 αὐτὸν
1101 1637 1311 1704 τρόπον
1359 1633 1529 1704 ὅνπερ
1586 1635 1643 1686 οἱ
1688 1643 1800 1686 τῶν

103 1722 396 1791 δραμάτων
442 1721 734 1791 ὑποκριταὶ
789 1725 1261 1794 συναρμόττονται
1314 1733 1430 1786 τοῖς
1482 1724 1801 1794 προσώποις

103 1812 194 1864 καὶ
249 1813 550 1881 στρατηγὸς
609 1810 700 1864 καὶ
762 1813 1037 1882 τύραννός
1096 1832 1180 1875 τις
1242 1810 1503 1881 ἐξαίφνης
1564 1811 1799 1880 ἐγένετο,

104 1901 247 1954 οὕτω
303 1898 392 1953 καὶ
447 1901 547 1954 τὸν
602 1901 933 1970 δημαγωγὸν
986 1902 1046 1954 τὸ
1102 1909 1202 1954 τοῦ
1259 1903 1435 1970 δήμου
1498 1903 1798 1972 πρόσωπον
1825 1923 1867 1955 20

104 1988 297 2059 φέρειν
336 1990 421 2042 δεῖ
460 1991 597 2059 πρὸς
622 1990 698 2048 ,τὸ
738 1995 982 2058 χρῆσθαι
1029 1999 1094 2061 τῆ
1143 1998 1319 2060 φωνῇ.
1365 1992 1525 2053 ποῖός
1571 2011 1653 2053 τις
1696 1986 1800 2044 οὖν

103 2078 132 2131 ὁ
188 2078 360 2146 δῆμος
414 2074 482 2131 οὗ
536 2078 632 2141 τὰς
693 2078 879 2148 ῥήσεις
940 2079 1338 2147 δεδιδάγμεθα;
1402 2079 1503 2132 οὐκ
1565 2079 1800 2148 εὐλαβὴς

106 2163 236 2220 οὐδὲ
276 2167 510 2233 ἄτολμος
550 2165 669 2219 οὐδ’
716 2166 855 2220 ὅθεν
893 2166 1085 2236 μηδεὶς
1124 2168 1389 2230 κίνδυνος
1436 2166 1798 2235 ἐπιστήσεται,

103 2256 322 2317 τούτοις
360 2253 666 2324 ἐπιχειρῶν.
707 2257 758 2308 εί
794 2256 918 2325 γάρ,
958 2256 1031 2318 ὡς
1069 2258 1139 2309 σὺ
1172 2257 1320 2327 παρὰ
1350 2257 1584 2325 τούτοις,
1624 2257 1799 2319 οὕτως

225 2405 247 2443 1
282 2400 340 2443 cf.
372 2402 406 2444 t.
431 2400 495 2443 IV
520 2405 619 2456 245,
638 2405 693 2444 29
712 2401 752 2443 R
895 2406 921 2444 2
954 2401 1098 2446 Thuc.
1130 2402 1174 2446 Π
1198 2407 1274 2456 16;
1322 2402 1386 2446 ΙΠ
1410 2406 1481 2456 57,
1499 2407 1524 2446 2
1671 2406 1695 2445 3
1740 2401 1797 2446 cs.

103 2474 149 2515 p.
179 2464 355 2514 217,14
479 2464 534 2503 10
566 2459 697 2505 Dem.
722 2475 767 2517 p.
793 2465 895 2517 460,
916 2466 962 2516 13
997 2466 1096 2516 617,
1117 2467 1172 2505 15
1296 2466 1349 2506 11
1384 2461 1441 2505 cf.
1466 2476 1512 2518 p.
1540 2465 1798 2517 142‚19sq.

226 2597 248 2634 1
283 2590 556 2650 ἀναβαίνων
589 2593 754 2650 scripsi
815 2593 1076 2653 διαβαίνων
1103 2597 1192 2639 Ma
1314 2600 1338 2637 2
1370 2594 1490 2651 πλὴν
1516 2596 1607 2639 Μα
1635 2594 1716 2639 sed
1743 2593 1798 2650 ὴν

105 2650 154 2694 in
186 2658 255 2695 εῖν
287 2664 390 2695 con·
420 2651 490 2695 m²
611 2656 636 2695 3
669 2651 831 2709 Κίμων
864 2653 1029 2710 scripsi
1089 2655 1232 2709 τίμων
1259 2655 1348 2699 Ma
1397 2657 1403 2709 Ι
1455 2654 1510 2698 οὐ
1542 2653 1798 2698 cancellavi

108 2712 114 2765 Ι
154 2716 360 2766 προῆγεν
400 2710 565 2767 scripsi
605 2725 710 2755 cum
748 2712 1033 2757 Buechelero
1075 2714 1123 2757 et
1161 2712 1376 2757 Hertlino
1451 2718 1683 2770 προσῆγεν
1711 2714 1797 2756 Ma

227 2774 282 2813 10
314 2770 430 2824 ὑπὲρ
464 2772 512 2813 et
534 2771 616 2814 καὶ
638 2771 812 2814 inserui
844 2771 936 2815 coll
967 2771 1097 2815 Dem.
1121 2771 1151 2816 l.
1178 2771 1208 2816 l.
1271 2786 1346 2815 om
1373 2774 1462 2817 Ma
1596 2776 1648 2814 11
1682 2773 1796 2827 ζητῶ

108 2827 273 2883 scripsi
333 2831 448 2884 ζηλῶ
475 2830 564 2873 Ma
687 2835 738 2872 11
763 2832 811 2873 eb
829 2835 882 2873 12
910 2828 934 2874 ὅ
958 2847 1002 2875 τι
1027 2830 1192 2887 scripsi
1256 2829 1324 2875 ὅτι
1343 2833 1431 2876 Ma
1555 2836 1607 2874 16
1633 2828 1798 2886 μέτρον

109 2885 274 2942 scripsi
334 2886 519 2943 μέτριον
545 2889 635 2932 Μα
