2010 3168
174 109 284 162 606
498 115 500 118 ’
583 107 832 151 'LIBANII
862 106 1253 151 DEOLAMATIO
1284 106 1433 150 XXIX
1503 107 1506 111 ’

173 241 341 312 εἶναι,
390 238 551 297 οὗτοί
593 263 685 312 μοι
739 244 838 296 τὸν
882 245 1158 312 τρόφιμον
1205 240 1582 295 ἀπολωλέκασι
1628 244 1724 295 καί·
1767 263 1864 309 μοι

171 333 233 386 τὸ
281 329 514 385 κώνειον
559 330 688 400 παρ’
733 331 868 400 ὑμῖν
916 334 1254 400 προπίνουσι
1309 329 1467 383 αὐτοὶ
1520 332 1739 393 πιόντες
1793 330 1869 383 ἂν,

173 422 393 483 εἰκότως
430 419 523 473 καὶ
561 421 679 490 πρὸ
709 420 879 489 ἡμῶν,
920 424 976 473 εἴ
1004 439 1066 487 γε
1098 417 1473 488 ἐσωφρόνουν.
1515 418 1602 472 24.
1633 418 1863 488 ἀρίστου

173 510 362 579 καιρὸς
399 504 493 577 ἧν,
533 508 562 562 ὁ
601 510 869 578 τρόφιμος
909 506 956 560 δ’
1005 508 1271 576 οὐδαμοῦ.
1319 508 1564 560 δειπνεῖν
1611 508 1723 560 ἔδει
1771 506 1864 561 καὶ

127 620 147 653 5
172 598 350 652 πάντα
395 596 751 667 ηὐτρέπιστο,
799 597 827 650 ὁ
876 593 924 649 δ’
971 592 1042 664 ἧν
1087 594 1166 650 ἔτι
1213 594 1337 666 παρ’
1393 595 1622 659 ἐκείνοις
1667 600 1865 666 μελαγ-

171 690 366 756 χολῶν.
409 685 608 754 ἑσπέρα
647 686 745 738 καὶ
776 683 1075 755 περαιτέρω
1114 692 1210 753 τῆς
1248 686 1410 755 ὥρας,
1450 684 1478 738 ὁ
1521 684 1570 737 δ’
1617 685 1898 738 ε’πᾶνεισι-

173 779 336 843 λιμοῦ
380 773 621 844 μετέχων
668 775 758 827 καὶ
805 773 976 827 αὑτὸν
1027 773 1327 841 κατέβαλεν
1368 773 1469 826 οὐκ
1507 772 1595 826 ἐπὶ
1636 775 1865 841 σκίμπο-

174 865 295 932 δος,
350 861 467 917 ἀλλ’
530 861 618 916 ἐπὶ
672 871 768 932 τῆς
820 871 919 932 γῆς
971 860 1063 915 καὶ
1118 863 1340 930 φαύλην
1401 862 1571 930 εὐνὴν
1631 861 1868 925 ὑποθεὶς

173 954 373 1022 ἄρτου
412 952 750 1021 μετᾶδοτε,
799 953 994 1020 φησίν,
1042 951 1227 1021 ἀρκεῖ
1273 950 1345 1003 δέ
1379 970 1487 1019 μοι
1533 951 1636 1003 καὶ
1684 951 1864 1020 ὕδωρ

106 1064 149 1096 10
171 1044 406 1095 πίνειν.
457 1039 548 1093 καὶ
586 1040 768 1093 ὕπνον
806 1037 990 1110 ᾑρεῖτο
1029 1038 1119 1093 ἐπὶ
1157 1048 1257 1092 τοῦ
1298 1041 1582 1108 σχήματος.
1631 1038 1868 1103 ἑωθινὸς

173 1128 222 1183 δ’
270 1129 507 1192 ἀναστὰς
544 1127 636 1182 καὶ
676 1129 857 1198 φυγὰς
901 1137 996 1198 τῆς
1044 1129 1222 1191 οἰκίας
1267 1131 1564 1197 γενόμενος
1609 1124 1679 1196 ἧν
1727 1127 1868 1198 παρ’

174 1218 403 1281 ἐκείνοις
448 1216 796 1288 πανημέριος.
847 1215 1049 1288 ἑσπέρα
1097 1218 1290 1286 πάλιν,
1338 1216 1367 1270 ὁ
1416 1216 1465 1270 δ’
1512 1215 1600 1270 ἐπὶ
1640 1218 1740 1286 τὴν
1787 1218 1867 1269 οἰ-

171 1310 299 1360 κίαν
358 1306 444 1377 ᾔει
503 1315 615 1359 τῶν
675 1316 863 1360 κυνῶν
925 1305 1293 1377 ἐλεεινότερον
1359 1305 1450 1360 καὶ
1521 1307 1869 1375 φαυλότερον

175 1398 403 1449 δεῖπνον
435 1396 777 1466 αἱρούμενος.
817 1397 971 1464 τρίτη
1003 1396 1263 1465 περίοδος
1293 1393 1385 1447 καὶ
1416 1396 1477 1448 τὸ
1510 1395 1643 1448 αὐτὸ
1686 1395 1867 1464 δρᾶμα

107 1506 150 1539 15
176 1484 562 1538 ἀνεδιδάσκετο
615 1491 690 1556 τῷ
736 1490 886 1556 κακῷ
905 1530 910 1534 .
938 1490 1014 1556 τςό
1070 1483 1193 1555 ἐμῷ.
1247 1483 1473 1553 τετάρτη
1524 1481 1615 1536 καὶ
1654 1482 1866 1551 πέμπτη

295 1649 318 1687 7
353 1643 410 1688 cf.
435 1644 500 1688 iv
525 1644 777 1698 167‚23R;
810 1646 843 1688 ι.
869 1644 889 1686 1
916 1613 1058 1699 1526
1184 1647 1237 1686 15
1270 1642 1486 1687 Philostr.
1512 1643 1599 1698 Ap.
1632 1643 1777 1699 Tyan.
1804 1643 1866 1686 VI

178 1709 229 1747 11
263 1719 309 1761 p.
335 1708 435 1758 220,
455 1708 510 1747 10
526 1704 580 1748 K.
613 1703 806 1759 hypobh.
836 1708 858 1746 1
901 1703 973 1745 ad'
1001 1703 1141 1746 Arist.
1182 1716 1280 1745 ran.
1323 1702 1380 1746 cf.
1414 1701 1659 1746 Blomfield
1699 1702 1866 1746 Aesch.

174 1764 297 1807 Pers.
330 1763 476 1820 praef.
509 1778 552 1818 p.
580 1762 706 1806 XXII
723 1777 788 1818 sq.

297 1915 319 1954 1
346 1926 435 1966 μου
461 1911 628 1954 LaMa
749 1915 774 1953 2
800 1910 929 1965 ὑμῶν
948 1911 1037 1953 Ma
1065 1912 1071 1965 Ι
1098 1907 1378 1964 προτείνουσι
1403 1908 1567 1964 scripsi
1592 1910 1780 1952 auctore
1797 1909 1868 1952 Re

234 1967 510 2025 προπίνοντι
531 1968 642 2012 libri
667 1969 748 2013 scd
773 1968 919 2013 αἰτεῖν
944 1967 1257 2025 ἀνανγάζουσι
1275 1967 1376 2025 (sic)
1393 1982 1606 2023 suprascr
1629 1968 1748 2022 Low,
1775 1967 1866 2011 edd

181 2029 184 2087 ξ
222 2029 357 2073 αὐτοὶ
381 2029 474 2072 La⁸
630 2032 654 2070 3
695 2028 776 2071 καὶ
813 2028 903 2083 πρὸ
935 2028 1066 2084 ἡμῶν
1103 2027 1278 2071 inserui
1310 2040 1365 2070 cx
1388 2028 1440 2071 H
1451 2028 1653 2071 VLaMa
1731 2040 1807 2069 om
1833 2027 1871 2071 O

177 2088 268 2131 edd
295 2090 301 2144 Ι
329 2085 382 2131 οἷ’
405 2103 456 2143 γε
481 2088 539 2131 Η
652 2092 679 2130 4
713 2088 763 2131 δὲ
790 2089 880 2131 Ma
1001 2091 1026 2130 5
1059 2086 1323 2142 εὐτρέπιστο
1351 2087 1439 2130 Μα
1466 2087 1472 2141 Ι
1501 2086 1524 2129 ὁ
1558 2083 1604 2130 δ’
1641 2085 1806 2142 scripsi

179 2144 250 2191 ’ὅδ’
281 2143 374 2203 (ὅδ’
410 2147 501 2201 La)
533 2145 643 2189 libri
675 2146 765 2189 edd
888 2150 913 2189 6
946 2145 971 2189 ὁ
1005 2143 1052 2189 δ’
1089 2145 1254 2201 scripsi
1317 2142 1389 2189 ὅδ’
1418 2144 1600 2190 HCMa
1633 2144 1724 2189 edd
1787 2140 1861 2189 ὅδ’

177 2207 252 2250 La
316 2202 419 2249 οὐδ’
447 2205 554 2249 HV
669 2209 692 2248 7
725 2202 859 2261 λιμόν
889 2221 937 2249 τε
970 2205 1087 2262 ἔχων
1110 2207 1188 2250 La
1214 2207 1221 2261 Ι
1249 2204 1393 2248 αὑτὸν
1425 2204 1591 2259 scripsi
1651 2202 1791 2253 αὐτὸς
1814 2204 1871 2247 Η

185 2265 227 2308 V
284 2265 428 2308 αὐτοῦ
454 2263 530 2308 La
561 2264 642 2307 scd
673 2264 723 2306 in
754 2264 897 2308 αὑτὸν
930 2278 1032 2308 corr
1061 2279 1110 2316 n,
1135 2265 1225 2308 Ma
1288 2260 1360 2307 ὅτε
1386 2264 1424 2308 Ο
1452 2263 1542 2307 edd
1570 2265 1576 2319 Ι
1614 2260 1867 2320 κατέβαλεν

177 2323 341 2380 scripsi
359 2337 384 2367 e
399 2324 568 2367 LaMa
628 2320 879 2380 κατέλαβεν
895 2324 955 2367 H
959 2323 1036 2369 VO
1058 2322 1148 2366 edd
1269 2327 1294 2365 9
1328 2321 1471 2376 ἄρτου
1497 2320 1661 2378 scripsi
1685 2323 1738 2364 ut
1762 2321 1867 2364 coni

176 2382 245 2427 Re
306 2383 451 2427 αὐτοῦ
483 2381 594 2425 libri
617 2382 779 2439 (αὑτοῦ
807 2383 856 2439 0)
882 2383 963 2426 scd
987 2381 1037 2425 in
1061 2383 1185 2426 αὐτῶ
1212 2395 1313 2425 corr
1336 2381 1436 2424 Lan
1461 2383 1508 2424 eb
1532 2379 1675 2436 ἄρτου
1699 2387 1865 2435 μικροῦ

179 2454 394 2498 suprascr
422 2456 467 2499 y,
501 2440 591 2484 edd
737 2445 791 2484 10
822 2441 903 2484 καὶ
935 2440 1100 2497 scripsi
1160 2438 1249 2484 κᾶν
1284 2439 1394 2483 libri
1425 2440 1507 2483 scd.
1539 2440 1619 2482 καὶ
1652 2453 1869 2494 suprascr

178 2502 298 2556 Lm,
331 2500 422 2545 edd
567 2504 618 2543 11
663 2498 774 2555 παρ’
813 2500 880 2544 Re
956 2499 1043 2557 γὰρ
1082 2500 1192 2543 libri
1223 2499 1315 2543 edd
1461 2503 1513 2542 12
1560 2498 1582 2542 ὁ
1616 2495 1661 2543 δ’
1700 2497 1866 2554 scripsi

180 2573 284 2602 cum
314 2558 525 2603 Iacobsio
557 2559 668 2602 Lech
693 2563 745 2601 99
810 2556 884 2604 ὅδ’
919 2559 1030 2602 libri
1061 2559 1150 2602 cdd
1275 2563 1328 2601 13
1360 2555 1434 2615 ᾔει
1467 2557 1630 2612 scripsi
1664 2570 1688 2600 e
1712 2557 1787 2600 La
1819 2558 1870 2600 et

178 2617 269 2661 Par
301 2622 414 2662 3017
449 2631 554 2661 cum
585 2617 889 2661 Boissonadio
913 2618 1087 2662 Anecd.
1109 2617 1151 2662 V
1176 2623 1230 2662 33
1295 2616 1364 2672 εἴη
1390 2617 1496 2660 HV
1550 2616 1595 2671 ἴη
1624 2615 1750 2659 OMa
1773 2615 1866 2659 edd

182 2677 190 2743 l
222 2684 314 2721 τῶν
347 2677 511 2732 scripsi
547 2690 602 2720 cx
624 2676 682 2719 H
689 2676 802 2720 VLa
833 2677 922 2720 Par
954 2681 1067 2720 3017
1108 2691 1214 2720 cum
1253 2675 1432 2718 Sintcni
1509 2675 1590 2718 τὸν
1618 2675 1742 2719 ΟΜα
1783 2674 1865 2718 scd

177 2751 235 2778 m·
258 2736 345 2780 hoc
375 2736 426 2778 in
455 2749 546 2790 ras,
580 2735 670 2779 cdd
730 2735 781 2779 τὸ
815 2737 919 2778 coni
950 2735 1052 2779 Mor
1081 2735 1177 2779 Not
1215 2737 1221 2790 Ι
1263 2741 1411 2779 κενῶν
1444 2734 1485 2777 V
1518 2736 1524 2788 1
1564 2730 1868 2787 ἐλεεινότερον

179 2795 258 2838 καὶ
298 2792 584 2850 φαυλότερον
624 2793 788 2849 scripsi
865 2793 1168 2849 ἐλεεινότερος
1206 2794 1305 2850 (sed
1338 2809 1442 2847 ερος
1471 2793 1521 2836 in
1551 2806 1627 2835 ras
1652 2792 1742 2847 La)
1783 2792 1865 2834 καὶ

180 2851 456 2908 φαυλότεροι
486 2853 585 2909 (scd
617 2870 634 2896 ι
664 2853 713 2895 in
737 2869 765 2896 ν
789 2866 890 2896 corr
913 2853 1035 2910 Lay)
1068 2851 1256 2897 ἐκείνων
1280 2852 1355 2895 La
1377 2851 1466 2894 Par
1491 2855 1603 2894 3017
1667 2864 1741 2893 om
1767 2851 1874 2894 HV

183 2911 309 2956 OMa
341 2912 430 2956 edd
555 2916 607 2954 14
641 2909 842 2956 δείπνων
866 2911 972 2955 HV
