2010 3168
267 98 696 143 DEMOSTHENIS
728 98 990 143 MORTEM
1020 98 1313 143 PETEN'TIS
1345 98 1570 144 ORATIO
1670 99 1778 153 269

81 236 216 297 τοὺς
254 233 370 288 ἐκεῖ
404 235 651 303 νεκρούς,
690 236 859 303 ἤκουε
891 236 1107 303 Δήλιον
1144 235 1235 288 καὶ
1277 238 1409 298 τοὺς
1440 234 1550 288 ἐκεῖ
1587 238 1779 288 πεσόν-

82 344 196 392 τας,
234 325 295 377 τὸ
335 322 611 392 μέγιστον,
661 324 830 391 ἤκουε
869 326 1135 377 Σικελίαν
1180 322 1271 377 καὶ
1310 323 1476 393 <τὰς>
1513 322 1779 393 τέσσαρας

80 412 380 480 μυριάδας,
435 412 606 465 αὐτὸν
654 414 822 481 ἤκουε
882 414 980 466 τὸν
1028 410 1436 480 Ἑλλήσποντον
1495 412 1588 465 καὶ
1648 415 1780 475 τοὺς

82 502 378 570 τριάκοντα
424 501 759 569 τυράννους,
805 499 933 568 μεθ’
981 501 1079 564 οὓς
1118 502 1328 564 Κνίδος
1374 500 1465 554 καὶ
1504 503 1779 571 ναυμαχία

79 590 171 642 καὶ
226 590 396 642 πάλιν
448 593 597 658 τείχη
650 590 717 642 τὰ
764 592 1042 653 Κόνωνος.
1094 589 1246 643 ταῦτ’
1302 591 1472 644 αὐτὸν
1525 589 1778 659 ἡγούμην

80 676 189 746 ἐγὼ
228 677 320 730 καὶ
358 677 710 745 πεπυσμένον
756 679 846 732 καὶ
885 678 1233 749 μεμνημένον
1281 670 1498 732 ἐθέλειν
1543 680 1647 747 τὴν
1690 679 1779 731 εὐ-

79 770 313 836 ημερίαν
353 770 512 838 φιλία
549 773 897 821 κατακλεῖσαι
950 768 1041 821 καὶ
1086 769 1157 836 μὴ
1198 768 1507 835 βούλεσθαι
1546 767 1777 839 δευτέρᾳ

0 883 5 889 ·
76 857 242 926 πείρᾳ
287 857 635 926 παραδοῦναι
681 858 747 909 τὰ
792 855 1148 927 πεπραγμένα
1193 855 1285 910 καὶ
1338 858 1470 918 τοὺς
1522 855 1778 926 πρέσβεις

78 945 235 1013 ἥκειν
266 945 398 1014 ἡμῖν
431 945 854 1013 διαλεξομένους
884 966 938 1000 τι
971 948 1325 1015 συμβατικόν.
1368 946 1414 998 7.
1455 946 1529 1008 ὡς
1568 945 1629 998 δὲ
1660 939 1782 998 εἶπέ

78 1037 180 1102 μοί
212 1054 294 1096 τις
340 1035 621 1105 παραστὰς
658 1034 969 1104 Ἀθηναίων
1015 1036 1140 1088 τινὰ
1185 1036 1314 1098 τοὺς
1364 1033 1582 1088 ἐκεῖθεν
1620 1034 1776 1102 ἥκειν

0 1126 4 1133 ’
78 1121 405 1191 ἀπάξοντας,
447 1124 563 1176 οὐκ
601 1123 760 1195 ἐμοῦ
799 1144 891 1192 γε,
931 1121 1097 1193 ἔφην,
1138 1127 1386 1188 ζῶντος.
1425 1124 1776 1192 παρελθὼν

0 1229 2 1232 ’
79 1212 199 1281 γὰρ
240 1212 704 1282 ἀναγνώσομαι
744 1213 864 1282 μὲν
898 1215 1051 1275 τοὺς
1089 1215 1333 1280 νόμους
1370 1214 1523 1275 τοὺς
1556 1214 1775 1266 Σόλω-

78 1321 192 1363 νος
231 1303 294 1354 οἳ
338 1303 452 1354 τὸν
503 1301 839 1370 Ἀθηναῖον
890 1301 1187 1371 Ἀθήνησι
1232 1304 1606 1372 κρίνουσιν,
1659 1302 1774 1355 οὐκ

75 1390 350 1457 ἄκριτον
398 1389 886 1460 ἐγχειρίζουσιν
931 1390 1172 1462 ἀνομίᾳ
1217 1390 1586 1460 τυράννων,
1635 1391 1774 1443 δια-

0 1542 3 1548 ⁸
76 1478 343 1547 λέξομαι
406 1477 474 1532 δὲ
534 1479 682 1549 περὶ
743 1488 859 1533 τοῦ
913 1488 1022 1548 τῆς
1075 1482 1320 1542 πόλεως
1373 1481 1607 1548 ἤθους,
1673 1480 1772 1533 ὅτι

77 1575 316 1621 τοῦτον
355 1568 579 1638 μέντοι
618 1570 732 1623 τὸν
771 1570 979 1639 δῆμον
1018 1568 1092 1622 οὐ
1131 1568 1602 1639 <κατήνεγκεν>
1639 1587 1772 1620 και-

74 1663 195 1725 ροῦ
258 1660 640 1727 χαλεπότης,
702 1658 776 1711 οὐ
835 1661 1141 1727 Θηβαίων
1201 1658 1410 1726 ἰσχύς,
1465 1657 1538 1710 οὐ
1595 1657 1771 1727 ῥώμη

0 1744 3 1802 s
75 1747 647 1815 Λακεδαιμονίων,
718 1747 834 1816 οὐχ
896 1747 928 1816 ἡ
990 1747 1198 1799 πάντα
1266 1748 1588 1814 κινήσασα
1655 1753 1770 1798 τοῦ

0 1859 2 1915 ss
74 1834 411 1903 βαρβάρου
459 1836 732 1905 στρατιὰ
777 1833 885 1888 καὶ
931 1836 1267 1888 πλεύσασα
1312 1835 1429 1901 μὲν
1477 1835 1586 1887 διὰ
1631 1843 1769 1903 γῆς,

0 1916 4 1961 :³
73 1924 439 1987 πεζεύσασα
494 1922 562 1976 δὲ
610 1925 718 1977 διὰ
764 1925 1094 1992 θαλάττης
1142 1924 1221 1993 ἣν
1266 1921 1528 1993 ἔδησεν,
1582 1921 1770 1991 ἐκβα-

0 2086 7 2279 ξ

194 2045 216 2082 1
252 2054 319 2095 sq.
353 2039 409 2083 cf.
443 2042 474 2083 t.
503 2039 544 2083 V
575 2044 646 2095 87,
667 2045 721 2083 14
842 2045 867 2082 2
901 2039 1045 2084 Thuc.
1071 2039 1156 2083 VH
1189 2044 1258 2093 75,
1278 2044 1303 2082 5
1435 2044 1460 2082 5
1492 2039 1606 2084 Xen.
1639 2039 1761 2083 Hell.

0 2059 2 2076 Ι
68 2097 136 2141 IV
152 2102 193 2153 8,
207 2102 259 2141 10
270 2113 338 2154 sq.
460 2103 485 2141 9
503 2098 762 2143 Thuc.V1]1
780 2103 850 2154 71,
863 2105 909 2153 13
936 2104 1006 2153 91,
1020 2104 1040 2141 1
1168 2103 1221 2142 15
1239 2098 1297 2142 ef.
1314 2113 1359 2155 p.
1376 2103 1476 2151 288,
1494 2104 1571 2154 193
1597 2103 1698 2155 324,
1715 2103 1768 2142 13

194 2161 246 2200 18
272 2158 329 2201 cf.
355 2160 387 2202 t.
414 2157 640 2213 V498‚18
658 2173 725 2215 sq.
852 2163 904 2202 19
930 2158 987 2202 cf.
1012 2173 1057 2214 p.
1077 2162 1214 2214 228,7
1232 2160 1281 2202 et
1304 2158 1365 2202 ad
1388 2160 1422 2202 t.
1440 2158 1483 2202 V
1506 2162 1674 2214 477,10
1692 2173 1762 2214 sq.

69 2214 207 2260 Isoer.
241 2230 409 2274 paneg.
446 2222 470 2271 ξ
496 2221 551 2260 89
583 2233 628 2274 p.
655 2222 747 2261 58e
869 2222 925 2261 20
957 2217 1065 2261 Her.
1090 2216 1175 2260 VH
1207 2221 1262 2260 35

193 2325 216 2364 1
250 2320 424 2375 Δήλιον
457 2321 623 2376 scripsi
645 2335 759 2364 -cum
791 2321 947 2364 Gasda
1009 2322 1150 2377 δῆλον
1183 2320 1292 2364 libri
1318 2321 1408 2365 edd
1530 2326 1554 2363 2
1587 2320 1671 2372 τὰς
1692 2320 1764 2364 in·

71 2378 196 2423 serui
234 2383 422 2423 anchore
464 2379 621 2423 Gasda
697 2394 773 2423 om
803 2380 912 2424 libri
944 2380 1036 2423 edd
1178 2384 1206 2423 4
1246 2378 1503 2437 ναυμαχίαι
1528 2381 1623 2424 Ath

75 2441 99 2481 7
131 2441 467 2483 κατακλεῖσθαι
492 2440 586 2483 Ath
706 2444 732 2483 9
763 2437 807 2482 τί
832 2441 878 2484 P
905 2439 997 2483 edd
1121 2443 1174 2483 10
1205 2455 1286 2496 μοι
1315 2437 1385 2490 τίς
1408 2441 1454 2483 Ρ
1484 2438 1585 2483 Mor
1623 2443 1629 2495 1
1672 2445 1766 2483 τῶν

8 2550 9 2554 ¹
71 2492 309 2541 coni'Mor
433 2503 484 2541 12
517 2498 626 2548 τοὺς
656 2498 823 2554 scripsi
854 2512 961 2542 cum
990 2498 1202 2542 Iacobsio
1233 2499 1346 2542 Lech
1373 2502 1457 2542 100
1490 2498 1587 2541 Rev
1612 2502 1637 2541 3
1674 2497 1766 2542 coll

72 2570 118 2612 p.
145 2561 244 2610 283,
264 2561 310 2609 33
342 2558 376 2600 t.
400 2556 442 2599 II
476 2561 576 2612 553,
596 2563 648 2601 11
725 2564 808 2601 τοῦ
840 2557 950 2601 libri
981 2557 1074 2601 edd
1219 2561 1271 2600 16
1304 2556 1557 2615 κατήνεγκε
1589 2557 1764 2600 inserui

73 2614 164 2658 coll
186 2630 231 2670 p.
251 2620 440 2670 268‚23;
463 2618 497 2659 t.
515 2615 556 2658 Π
574 2620 680 2670 27,2
743 2630 820 2660 om
842 2616 952 2660 libri
976 2616 1068 2660 edd
1191 2620 1244 2659 17
1271 2617 1399 2672 οὐ(1)
1425 2616 1592 2672 scripsi
1653 2614 1764 2660 οὐδὲ

71 2672 182 2716 libri
213 2674 304 2717 edd
449 2678 502 2717 19
541 2675 776 2719 πλεύσασα
809 2675 973 2732 scripsi
1005 2689 1111 2719 cum
1142 2675 1354 2719 Iaeobsio
1386 2675 1492 2719 Add
1525 2679 1612 2718 354
1651 2674 1764 2718 Lech

10 2763 11 2766 η
74 2736 157 2776 101
192 2732 287 2776 Rev
312 2738 337 2777 3
364 2735 411 2776 elz
435 2733 607 2777 Cobeto
632 2732 732 2777 Coll
758 2739 841 2777 286
903 2734 1161 2786 πεζεύσασα
1185 2733 1295 2778 libri
1327 2734 1418 2778 edd
1515 2780 1518 2781 ⁷
1540 2738 1596 2776 20
1627 2733 1765 2777 πλεύ-

74 2804 194 2834 σασα
218 2793 312 2836 Ath
335 2792 393 2835 ef.
418 2792 582 2836 Iacobs
610 2792 738 2836 Anth
769 2792 855 2836 Pal
877 2793 942 2836 111
966 2797 1050 2836 592
1079 2795 1086 2850 ᾗ
1115 2793 1287 2845 ἔδειξεν
1310 2795 1357 2838 Ρ
1386 2795 1434 2837 eb
1463 2810 1518 2849 γρ
1549 2792 1600 2835 in
1631 2807 1765 2850 marg

73 2848 176 2893 Mor
249 2847 430 2907 ἐνίκησε
461 2850 535 2894 vel
573 2851 770 2908 δέδμηκε
811 2852 915 2896 coni
945 2851 1107 2896 Iacobs
1147 2852 1259 2895 Lect
1293 2855 1398 2904 101,
1441 2850 1650 2907 ἐνίκησεν
1689 2851 1763 2895 vel

73 2906 266 2966 ἥττησεν
298 2910 394 2953 Rev
426 2915 451 2952 3

1823 611 1845 644 5

1802 1056 1844 1089 10

1798 1501 1842 1534 15

1794 1946 1838 1979 80
