2010 3168
362 111 694 156 ANTILOGIA
725 110 806 156 DE
837 109 1019 155 LAIDE
1050 109 1181 155 NON
1211 108 1585 155 REVOCANDA
1705 108 1814 162 473

125 251 227 319 τὴν
276 250 501 302 εὔνοιαν
548 248 752 310 αὐτοὺς
799 245 1094 316 ἐπειρῶντο
1141 247 1243 316 τὴν
1287 245 1561 317 προτέραν
1615 246 1815 315 ἀναγα-

126 348 261 407 γεῖν.
302 339 350 392 8.
390 338 462 400 ὡς
502 337 564 391 δὲ
601 339 730 399 τοὺς
770 338 972 404 λόγους
1012 335 1196 388 αὐτῶν
1228 335 1371 389 οἴκοι
1402 332 1503 405 μὲν
1535 336 1587 389 οἱ
1622 336 1816 405 ἄνδρες

126 426 391 499 ἐπῄνουν,
446 425 506 480 ἐν
562 426 735 497 ἀγορᾷ
782 422 842 478 δὲ
888 433 1004 488 τοῖς
1049 431 1144 493 τῆς
1192 423 1407 494 ἑταίρας
1458 423 1815 493 ἐγοητεύοντο

125 518 345 588 ῥήμασι,
383 514 597 586 πέφυκε
636 516 740 585 γὰρ
781 516 957 583 πόρνη
998 511 1089 567 καὶ
1131 514 1397 583 σώφρονα
1432 523 1615 567 πεῖσαι
1655 533 1816 566 κατα-

126 614 359 676 φρονεῖν
414 605 607 675 ἀρετῆς
660 603 751 657 καὶ
807 604 994 672 λόγοις
1047 603 1320 670 ποικίλοις
1365 604 1631 672 θηρεύειν
1681 603 1818 671 πρὸς

124 697 352 766 ἔρωτας,
403 694 475 757 ὡς
515 690 619 748 οὖν
660 695 871 763 ἄμαχον
909 688 978 761 ἦν
1016 693 1077 746 τὸ
1125 693 1295 746 κακὸν
1335 692 1425 746 καὶ
1463 697 1818 754 τελευτῶντες

124 785 182 838 οἰ
239 785 439 855 ἄνδρες
501 783 634 837 οὐδὲ
696 790 900 853 φοιτᾶν
961 779 1042 836 ἔτι
1102 782 1239 853 πρὸς
1302 782 1396 845 τὰς
1451 782 1818 843 συνοικούσας

124 871 340 943 ἠξίουν,
388 874 450 926 αί
490 873 591 943 μὲν
636 869 837 925 πολλαὶ
885 871 1258 940 σωφροσύνην
1311 879 1543 940 τιμῶσαι
1596 881 1819 940 κρατεῖν

124 970 223 1016 τοῦ
265 964 536 1032 σχήματος
576 961 948 1030 ἐδυνήθησαν,
987 958 1131 1013 ἔνιαι
1172 960 1233 1013 δὲ
1271 968 1337 1030 τῇ
1380 960 1546 1030 φύσει
1589 960 1816 1027 νικώμε·

124 1072 215 1104 ναι
255 1052 496 1121 ζηλωτὸν
528 1047 670 1104 εἶναι
701 1050 801 1104 τὸν
834 1051 1042 1113 Λαίδος
1072 1052 1330 1118 κρίνασαι
1370 1050 1495 1118 βίον
1533 1049 1622 1102 καὶ
1656 1050 1818 1118 δίκην

123 1142 269 1211 παρὰ
308 1150 421 1194 τῶν
461 1139 875 1194 συνοικούντων
913 1140 1121 1208 ταύτην
1167 1139 1469 1208 λαμβάνειν
1514 1138 1816 1208 ἡγούμεναι

124 1234 331 1284 πωλεῖν
393 1229 658 1299 ἐνόμισαν
719 1230 839 1282 δεῖν
899 1238 1016 1291 τοῖς
1076 1226 1439 1297 βουλομένοις
1497 1229 1596 1296 τὴν
1652 1229 1817 1298 ὥραν.

125 1319 173 1372 9.
222 1318 510 1388 ἐντεῦθεν,
571 1320 644 1382 ὡς
691 1315 867 1388 οἶμαι,
923 1318 1097 1381 λύπας
1144 1314 1289 1380 τινες
1336 1317 1675 1387 ἀμυνόμενοι
1725 1315 1817 1370 καὶ

124 1419 242 1471 ταῖς
285 1418 397 1462 τῶν
445 1407 665 1478 ἐχθρῶν
721 1407 1094 1477 ἐπιτιθέμενοι
1148 1415 1462 1478 συμφοραῖς
1515 1408 1817 1477 προχείρως

125 1498 436 1552 ἐπεσπῶντο
477 1500 613 1568 πρὸς
657 1499 786 1567 ὅπερ
829 1497 1128 1566 ἐβούλοντο
1175 1498 1271 1560 τὰς
1319 1494 1390 1549 δι’
1438 1494 1669 1567 ἐρημίαν
1707 1505 1818 1549 τῶν

125 1588 348 1657 ἀνδρῶν
389 1589 628 1655 ζηλωτὸν
660 1586 916 1655 οἰομένας
947 1579 1090 1640 εἶναι
1121 1594 1216 1654 τῆς
1250 1586 1458 1648 Λαίδος
1488 1586 1549 1638 τὸ
1581 1593 1817 1654 πρᾶγμα.

125 1677 313 1730 δεινὸν
344 1678 447 1746 γὰρ
489 1677 738 1745 ἐρεθίσαι
777 1685 1013 1744 γυναῖκα
1048 1675 1416 1744 σωφροσύνης
1446 1682 1819 1744 καταφρονεῖν

245 1798 300 1837 14
330 1793 462 1837 Dem.
496 1793 716 1837 Aristocr.
748 1808 793 1850 p.
822 1797 922 1848 643,
943 1796 997 1837 10
1015 1806 1081 1848 sq.

247 1903 269 1941 1
303 1896 387 1954 τὴν
420 1911 494 1941 om
520 1897 646 1942 BVa
673 1898 679 1953 Ι
706 1896 791 1953 τὴν
822 1894 1054 1953 προτέραν
1088 1896 1336 1952 ἐπειρῶντο
1363 1897 1422 1940 Η
1449 1899 1454 1951 Ι
1488 1893 1715 1951 πρότερον
1748 1895 1819 1938 Va

125 1957 272 2002 MaCl
318 1959 325 2014 Ι
375 1958 629 2014 ἀναγαγεῖν
668 1958 732 2002 Va
771 1956 853 2000 sed.
893 1973 952 2000 να
991 1955 1117 2000 inser
1154 1956 1223 1999 m²
1367 1961 1392 1999 2
1438 1954 1522 2011 μὲν
1562 1969 1638 1999 om
1676 1954 1745 1998 Re
1775 1956 1816 2011 (e

122 2016 214 2060 Par
239 2020 352 2060 3017
385 2016 683 2060 inserendum
715 2015 819 2060 coni
844 2015 1130 2060 Boissonade
1154 2015 1361 2072 Theoph.
1388 2014 1497 2059 Sim.
1522 2030 1567 2071 p.
1595 2017 1697 2070 228)

123 2081 151 2120 4
182 2073 335 2132 λόγοις
360 2077 486 2120 BVa
525 2078 530 2132 Ι
569 2073 749 2131 πέφυκε
776 2101 830 2107 -—
857 2079 882 2118 ὅ
915 2075 1081 2131 ἀρετῆς
1112 2075 1284 2119 omissa
1314 2074 1550 2131 particula
1581 2073 1668 2130 γὰρ
1702 2072 1818 2117 citat

123 2134 355 2179 Macarius
394 2135 561 2179 f0181r
704 2139 729 2178 5
773 2134 996 2191 θηρεύειν
1036 2134 1201 2191 scripsi
1233 2148 1258 2178 θ
1289 2133 1744 2180 OrHBVaViMaGl

123 2197 355 2251 θηρεῦσαι
382 2195 443 2238 M
467 2193 559 2238 edd
621 2192 831 2248 ἐρεθίσαι
858 2194 962 2237 coni
988 2193 1145 2238 Gasda
1266 2198 1291 2236 6
1327 2193 1472 2248 ἔρωτα
1497 2195 1557 2237 Μ
1581 2195 1586 2247 Ι
1614 2187 1673 2248 ἦν
1697 2191 1816 2247 ἄμα-

124 2269 208 2311 χον
239 2254 308 2297 Re
335 2256 341 2311 Ι
370 2252 612 2311 ἀμήχανον
637 2255 682 2297 Β
806 2258 829 2296 7
862 2253 970 2304 τοὺς
997 2254 1145 2298 ΜΜα
1178 2253 1259 2297 sed
1290 2252 1338 2296 in
1363 2253 1451 2296 hoc
1484 2268 1539 2296 ov
1571 2251 1621 2295 in
1652 2268 1683 2294 α
1716 2265 1817 2295 corr

123 2312 194 2356 m⁸
221 2314 226 2369 Ι
255 2311 499 2363 συνοίκους
523 2313 925 2358 BVaMViMaGl
1045 2316 1071 2355 8
1103 2313 1270 2357 πολλαὶ
1302 2312 1467 2368 scripsi
1498 2325 1523 2355 c
1549 2313 1610 2356 M
1666 2312 1815 2354 πολλῶ

128 2372 188 2417 Or
218 2373 317 2427 (sed
350 2372 578 2428 scriptura
606 2385 771 2428 parum
802 2373 946 2428 certa)
973 2373 1069 2416 ΗΒ
1082 2373 1150 2416 Va
1182 2372 1263 2415 sed
1294 2371 1345 2414 in
1375 2371 1463 2415 hoc
1496 2378 1530 2414 ῶ
1562 2371 1611 2414 in
1637 2377 1691 2413 οῦ
1717 2383 1817 2413 corr

124 2430 195 2474 m²
227 2433 273 2475 et
306 2438 340 2475 ῶ
380 2431 550 2474 iterum
591 2434 806 2488 suprascr
834 2430 917 2486 ωδ,
953 2432 1010 2475 Vi
1084 2434 1253 2475 πολλοῦ
1280 2433 1370 2476 Μα
1409 2429 1490 2474 sed
1522 2430 1571 2473 αὶ
1604 2442 1817 2485 suprascr

124 2490 208 2543 m⁸‚
235 2490 290 2534 ΟΖ
320 2491 402 2535 sed
435 2506 490 2534 ov
515 2504 572 2534 ex
596 2507 631 2533 ω
656 2504 770 2545 corr,
796 2490 886 2534 cdd
949 2491 998 2534 ἐκ
1023 2493 1192 2535 πολλοῦ
1219 2489 1323 2534 coni
1339 2490 1407 2533 Re
1531 2493 1555 2532 9
1588 2487 1816 2545 σχήματος

130 2548 295 2605 scripsi
321 2563 346 2594 c
365 2551 426 2594 M
454 2549 536 2592 sed
568 2566 622 2605 γρ
647 2548 877 2608 χρήματος
899 2549 947 2592 in
974 2563 1119 2607 marg,
1146 2564 1249 2593 cum
1282 2548 1440 2593 Gasda
1499 2546 1728 2605 χρήματος
1757 2547 1816 2593 Or

127 2609 225 2652 ΗΒ
238 2610 306 2653 Va
317 2609 523 2653 ViMaOl
554 2608 645 2652 edd
670 2609 751 2652 sed
777 2626 830 2666 γρ
856 2607 1084 2665 σχήματος
1114 2609 1163 2652 in
1187 2622 1321 2665 marg
1344 2609 1445 2652 Mor
1472 2610 1477 2663 Ι
1506 2605 1815 2662 ἠδυνήθησαν

129 2667 190 2710 Μ
310 2672 363 2711 10
395 2673 477 2724 τῆς
508 2668 616 2710 ante
640 2665 799 2718 λαίδος
826 2668 884 2713 Cr
908 2667 989 2712 sed
1012 2681 1178 2724 pamm
1203 2669 1394 2721 certum,
1419 2668 1473 2710 H
1497 2667 1503 2724 Ι
1531 2663 1741 2720 κρίνουσι
1760 2665 1816 2708 Vi

131 2727 221 2770 Ma
252 2727 334 2771 sed
366 2726 415 2769 in
447 2727 535 2771 hoc
567 2743 616 2770 αι
649 2740 789 2783 supra
822 2729 909 2783 ι(2)
934 2727 1017 2782 m⁸‚
1044 2727 1097 2772 Ol
1217 2732 1269 2771 11
1303 2726 1410 2781 περὶ
1444 2726 1544 2780 Vas}
1573 2737 1682 2768 voce
1705 2726 1815 2779 λαμ-

128 2783 289 2842 βάνειν
322 2786 401 2829 des
430 2786 490 2831 Cr
512 2785 579 2829 fol
604 2789 684 2829 95v
744 2799 863 2841 quae
896 2787 1152 2842 sequuntur
1174 2799 1321 2842 usque
1349 2785 1408 2829 ad
1433 2800 1477 2841 p.
1497 2787 1664 2839 481‚18
1689 2783 1815 2841 dcto]-

127 2841 238 2894 πίας
263 2844 432 2888 desunt·
553 2849 606 2887 12
640 2845 741 2889 δεῖν
760 2846 848 2889 Μα
873 2845 955 2889 sed
979 2861 1006 2888 ν
1031 2844 1124 2888 add
1147 2844 1218 2888 m⁸
1244 2847 1251 2901 Ι
1277 2844 1362 2901 τὴν
1387 2843 1512 2898 ὥραν
1535 2849 1632 2891 τοῖς
1656 2843 1814 2901 βουλο-

126 2901 281 2958 μένοις
304 2905 362 2948 H
476 2908 530 2946 13
564 2903 710 2955 λύπας
742 2903 803 2957 ὡς
835 2900 964 2960 οἶμαι
988 2905 1046 2948 Η
1065 2906 1073 2966 Ι
1099 2904 1189 2947 κάν
1223 2904 1279 2951 Vi
1401 2906 1453 2946 17
1486 2916 1598 2944 num
1631 2900 1813 2951 δεινὸςῗ

127 2963 178 3005 at
208 2961 266 3006 cf.
299 2963 359 3006 ad
389 2977 434 3022 p.
460 2966 560 3023 537,
580 2967 634 3014 12
886 2962 890 2967 ’

1844 1070 1885 1102 10

1843 1516 1884 1549 15
