2010 3168
975 668 1117 722 XXI.

317 793 627 842 Declamatio
650 793 893 855 inscripta
917 790 1083 841 Μετὰ
1113 790 1180 840 τὰ
1210 789 1271 841 ἐν
1298 792 1640 859 Χαιρωνείᾳ
1671 790 1895 856 ἔπεμψε

209 867 508 926 Φίλιππος
539 865 1018 931 ὑπισχνούμενος
1055 865 1195 925 τοὺς
1233 866 1566 932 δισχιλίους
1601 865 1895 931 αἰχμαλώ-

205 959 343 1000 τους
374 937 806 1006 (ἀποδώσειν),
838 940 890 994 εἰ,
920 940 1090 1004 λάβοι
1121 938 1538 1004 Δημοσθένην.
1582 938 1748 1001 ἀξιοῖ
1779 942 1894 1004 Δη-

207 1013 512 1079 μοσθένης
557 1014 935 1078 ἐκδίδοσθαι,
982 1030 1083 1078 qua
1122 1015 1476 1064 Demosthenes
1523 1017 1638 1078 post
1674 1030 1896 1078 pugnam

205 1090 271 1139 ad
304 1089 636 1138 Chaeroneam
667 1089 992 1151 commissam,
1015 1092 1074 1137 ut
1105 1089 1294 1151 captivi
1314 1092 1679 1151 recuperentur,
1707 1105 1759 1138 se
1781 1089 1895 1138 Phi-

206 1165 343 1226 lippo
382 1165 605 1227 poscenti
651 1163 765 1211 dedi
809 1164 937 1227 petit
947 1156 1012 1230 1),
1066 1179 1165 1212 non
1208 1165 1283 1214 ita
1335 1164 1609 1212 multorum
1653 1165 1898 1212 lectorum

206 1238 423 1302 gratiam
452 1239 581 1287 iniit.
620 1238 809 1287 Parvus
839 1238 997 1303 igitur
1026 1253 1259 1286 numerus
1284 1240 1359 1286 est
1381 1238 1607 1287 codicum
1630 1238 1808 1300 quibus
1833 1237 1897 1286 ad

206 1315 427 1361 nostram
461 1315 675 1361 aetatem
704 1312 945 1374 pervenit.
1008 1311 1135 1360 Sunt
1166 1314 1334 1360 autem
1362 1311 1417 1360 hi
1451 1314 1542 1360 14:

322 1390 367 1435 1.
398 1386 994 1448 Hierosolymitanus
1028 1386 1076 1435 S.
1110 1386 1386 1448 Sepulcri
1421 1388 1525 1435 107
1552 1379 1649 1452 (=
1673 1379 1746 1451 H)
1772 1401 1896 1435 saec.

207 1460 327 1509 XIV
365 1461 514 1509 titulo
563 1463 613 1508 et
656 1460 802 1509 initio
848 1461 1019 1524 privus
1064 1461 1244 1523 incipit
1287 1461 1409 1510 folio
1451 1462 1543 1509 40²
1572 1460 1735 1509 verbis
1778 1458 1899 1524 ὑμῖν

208 1532 511 1593 Μακεδόνας
545 1528 615 1601 (p.
643 1535 764 1596 318,
784 1529 878 1602 11)
911 1538 962 1583 et
993 1535 1175 1583 desinit
1204 1535 1325 1583 folio
1351 1538 1420 1584 43
1453 1535 1507 1582 in
1538 1535 1716 1583 ultima
1746 1534 1899 1583 verba

207 1606 512 1671 ἀδικήσαντα
542 1608 703 1657 πλείω.
772 1608 831 1656 In
862 1609 984 1658 folio
1018 1611 1087 1657 42
1122 1624 1231 1658 cum
1264 1610 1473 1671 reliquis
1503 1609 1606 1657 iam
1636 1625 1736 1657 non
1768 1625 1897 1657 com·

205 1684 354 1745 pacto
386 1697 497 1731 cum
521 1684 695 1732 charta
719 1683 892 1731 avulsa
915 1684 1183 1731 nonnullae
1206 1683 1405 1732 litterae
1430 1685 1698 1746 perierunt,
1721 1683 1899 1731 folium

207 1772 323 1805 vero
360 1758 453 1805 43τ
497 1758 668 1805 multis
714 1757 835 1806 locis
882 1758 1121 1806 detritum
1167 1761 1254 1806 est.
1316 1757 1444 1806 Vide
1474 1760 1509 1805 t.
1542 1757 1590 1803 V
1627 1774 1674 1820 p.
1703 1757 1809 1805 150
1826 1773 1897 1819 sq.

209 1830 420 1879 Contuli.

322 1907 367 1953 2.
407 1905 732 1954 Vaticanus
770 1922 842 1969 gr.
870 1907 976 1954 940
1008 1902 1104 1972 (=
1130 1900 1200 1972 V)
1244 1921 1368 1954 saec.
1393 1899 1660 1971 XHIJXIV
1701 1905 1786 1955 fol.
1815 1906 1898 1953 29.

210 1977 391 2027 Crebro
422 1995 573 2027 manu
601 1978 828 2040 secunda,
858 1995 971 2028 raro
995 1981 1147 2028 tertia
1168 1981 1509 2029 recentissima
1540 1981 1787 2028 correctus
1810 1980 1898 2028 est.

209 2052 336 2101 Vide
365 2054 402 2101 t.
426 2052 473 2099 V
502 2070 550 2115 p.
578 2054 683 2101 252
702 2069 773 2115 sq.
837 2052 1052 2102 Contuli.

319 2128 395 2174 Ex
424 2126 518 2174 hoc
549 2126 712 2175 codice
750 2127 829 2176 vel
869 2129 975 2175 eius
1005 2129 1159 2176 fratre
1199 2128 1410 2192 gemello
1422 2121 1464 2194 ²)
1506 2128 1742 2190 descripti
1785 2129 1901 2176 sunt

206 2200 308 2249 duo
339 2200 552 2249 codices:

322 2276 390 2396 ag
408 2275 791 2323 Matritensis
831 2257 1023 2324 N-1'30
1063 2291 1186 2325 saec.
1211 2276 1330 2324 XVI
1367 2276 1451 2325 f01.
1481 2277 1590 2325 53*.
1651 2276 1777 2324 vido
1808 2279 1842 2323 t.
1874 2275 1900 2322 1

209 2365 257 2410 p.
284 2350 352 2396 42
410 2364 480 2410 sq.
518 2350 568 2396 et

324 2424 370 2471 4.
417 2423 790 2471 Monacensis
838 2440 909 2486 gr.
945 2425 1013 2472 96
1062 2417 1158 2490 (--
1184 2418 1325 2490 Mon)
1373 2439 1498 2473 saec.
1534 2424 1654 2472 XVI
1695 2423 1780 2471 fol.
1813 2424 1899 2471 48.

210 2495 337 2544 Vide
367 2499 403 2544 t.
438 2496 482 2541 V
512 2513 560 2558 p.
589 2498 694 2545 364
713 2512 784 2559 sq.
849 2496 1074 2546 Contulit
1103 2498 1306 2546 Reiskia
1343 2498 1395 2546 in
1426 2514 1573 2546 usum
1611 2498 1783 2546 mariti
1813 2497 1900 2559 qui

332 2654 373 2707 1)
405 2651 506 2695 Hoc
531 2666 714 2707 quoque
738 2656 1067 2710 argumentum
1091 2653 1251 2697 fictum
1274 2657 1359 2698 est.
1410 2653 1534 2697 Nam
1557 2655 1604 2699 et
1627 2652 1901 2709 Philippum

213 2710 422 2766 captivos
459 2711 600 2776 χωρὶς
637 2710 812 2774 λύτρων
849 2712 1110 2756 reddidisse
1148 2712 1372 2769 Polybius
1396 2712 1439 2756 V
1468 2717 1536 2766 10,
1555 2717 1583 2755 4
1620 2712 1823 2756 testatur
1853 2713 1902 2755 et

211 2783 371 2825 pugna
417 2782 662 2813 commissa
707 2770 1068 2815 Demosthenem
1106 2772 1302 2815 Athenis
1351 2771 1525 2815 afuisse
1570 2785 1626 2814 ex
1655 2770 1899 2814 Aeschinis

213 2841 252 2871 c.
277 2826 397 2872 Ctes.
430 2829 641 2872 oratione
673 2833 697 2882 ξ
726 2833 809 2872 159
842 2829 1158 2887 colligendum
1188 2833 1273 2874 est.
1336 2830 1402 2875 Cf.
1428 2831 1536 2874 Am.
1564 2829 1784 2874 Schaefer
1809 2829 1898 2873 De-

213 2887 380 2930 mosth.
405 2886 470 2931 111
493 2887 573 2931 26²
590 2902 656 2942 sq.

332 2948 375 3000 2)
408 2945 475 2989 Cf.
510 2960 650 3002 supra.
683 2962 726 3002 p.
753 2952 852 2991 291.
