<?xml version="1.0" encoding="UTF-8"?>
<!DOCTYPE html PUBLIC "-//W3C//DTD XHTML 1.0 Transitional//EN"
    "http://www.w3.org/TR/xhtml1/DTD/xhtml1-transitional.dtd">
<html xmlns="http://www.w3.org/1999/xhtml" xml:lang="en" lang="en">
 <head>
  <title>
</title>
<meta http-equiv="Content-Type" content="text/html;charset=utf-8" />
  <meta name='ocr-system' content='tesseract 3.04.00' />
  <meta name='ocr-capabilities' content='ocr_page ocr_carea ocr_par ocr_line ocrx_word'/>
</head>
<body>
  <div class='ocr_page' id='page_1' title='image "./operarecensuitri06libauoft_0287.png"; bbox 0 0 2010 3168; ppageno 0'>
   <div class='ocr_carea' id='block_1_1' title="bbox 324 54 1835 124">
    <p class='ocr_par' dir='ltr' id='par_1_1' title="bbox 324 54 1835 124">
     <span class='ocr_line' id='line_1_1' title="bbox 324 54 1835 124; baseline 0.004 -5"><span class='ocrx_word' id='word_1_1' title='bbox 324 54 752 119; x_wconf 61' lang='lat' dir='ltr'>DEMOSTHENIS</span> <span class='ocrx_word' id='word_1_2' title='bbox 786 73 1046 119; x_wconf 85' lang='lat' dir='ltr'>MORTEM</span> <span class='ocrx_word' id='word_1_3' title='bbox 1075 72 1371 118; x_wconf 86' lang='lat' dir='ltr'>PETENTIS</span> <span class='ocrx_word' id='word_1_4' title='bbox 1404 71 1627 118; x_wconf 83' lang='lat' dir='ltr'><strong>ORATIO</strong></span> <span class='ocrx_word' id='word_1_5' title='bbox 1728 71 1835 124; x_wconf 81' lang='grc'><strong><em>279</em></strong></span> 
     </span>
    </p>
   </div>
   <div class='ocr_carea' id='block_1_2' title="bbox 145 207 1837 458">
    <p class='ocr_par' dir='ltr' id='par_1_2' title="bbox 145 207 1837 458">
     <span class='ocr_line' id='line_1_2' title="bbox 145 207 1832 278; baseline -0.002 -13"><span class='ocrx_word' id='word_1_6' title='bbox 145 219 345 264; x_wconf 87' lang='grc' dir='ltr'><strong><em>οῦτον</em></strong></span> <span class='ocrx_word' id='word_1_7' title='bbox 385 207 584 264; x_wconf 77' lang='grc' dir='ltr'><strong><em>οὐδὲν</em></strong></span> <span class='ocrx_word' id='word_1_8' title='bbox 623 212 1062 278; x_wconf 83' lang='grc' dir='ltr'><strong><em>πεπόνθαμεν.</em></strong></span> <span class='ocrx_word' id='word_1_9' title='bbox 1106 208 1480 278; x_wconf 79' lang='grc' dir='ltr'><em>ἡττήθημεν</em></span> <span class='ocrx_word' id='word_1_10' title='bbox 1518 208 1656 277; x_wconf 89' lang='grc' dir='ltr'><strong><em>με’ν,</em></strong></span> <span class='ocrx_word' id='word_1_11' title='bbox 1697 207 1832 261; x_wconf 87' lang='grc' dir='ltr'><strong><em>ἀλλ’</em></strong></span> 
     </span>
     <span class='ocr_line' id='line_1_3' title="bbox 147 296 1837 368; baseline -0.002 -15"><span class='ocrx_word' id='word_1_12' title='bbox 147 306 300 363; x_wconf 78' lang='grc' dir='ltr'><strong><em>ἴσως</em></strong></span> <span class='ocrx_word' id='word_1_13' title='bbox 361 301 785 368; x_wconf 81' lang='grc' dir='ltr'><strong><em>κρατήσομεν.</em></strong></span> <span class='ocrx_word' id='word_1_14' title='bbox 846 301 991 351; x_wconf 91' lang='grc' dir='ltr'><strong><em>τότε</em></strong></span> <span class='ocrx_word' id='word_1_15' title='bbox 1040 301 1312 367; x_wconf 82' lang='grc' dir='ltr'><strong><em>λήψεται</em></strong></span> <span class='ocrx_word' id='word_1_16' title='bbox 1365 296 1837 367; x_wconf 79' lang='grc' dir='ltr'><strong><em>Δημοσθένην,</em></strong></span> 
     </span>
     <span class='ocr_line' id='line_1_4' title="bbox 146 383 1837 458; baseline -0.002 -15"><span class='ocrx_word' id='word_1_17' title='bbox 146 390 250 443; x_wconf 84' lang='grc' dir='ltr'><strong><em>ὅτε</em></strong></span> <span class='ocrx_word' id='word_1_18' title='bbox 299 390 415 458; x_wconf 85' lang='grc' dir='ltr'><strong><em>τὴν</em></strong></span> <span class='ocrx_word' id='word_1_19' title='bbox 468 390 677 441; x_wconf 85' lang='grc' dir='ltr'><strong><em>πόλιν.</em></strong></span> <span class='ocrx_word' id='word_1_20' title='bbox 730 387 815 440; x_wconf 81' lang='grc'><strong><em>27.</em></strong></span> <span class='ocrx_word' id='word_1_21' title='bbox 862 387 934 441; x_wconf 76' lang='grc' dir='ltr'><strong><em>ἂν</em></strong></span> <span class='ocrx_word' id='word_1_22' title='bbox 979 387 1178 455; x_wconf 78' lang='grc' dir='ltr'><strong><em>οὕτως,</em></strong></span> <span class='ocrx_word' id='word_1_23' title='bbox 1218 383 1261 440; x_wconf 80' lang='grc' dir='ltr'><em>ὦ</em></span> <span class='ocrx_word' id='word_1_24' title='bbox 1300 388 1499 456; x_wconf 78' lang='grc' dir='ltr'><strong><em>ἄνδρες</em></strong></span> <span class='ocrx_word' id='word_1_25' title='bbox 1541 386 1837 456; x_wconf 78' lang='grc' dir='ltr'><strong><em>Ἀθηναῖοι,</em></strong></span> 
     </span>
    </p>
   </div>
   <div class='ocr_carea' id='block_1_3' title="bbox 146 473 1926 546">
    <p class='ocr_par' dir='ltr' id='par_1_3' title="bbox 146 473 1926 546">
     <span class='ocr_line' id='line_1_5' title="bbox 146 473 1926 546; baseline -0.004 -15"><span class='ocrx_word' id='word_1_26' title='bbox 146 483 313 531; x_wconf 88' lang='grc' dir='ltr'><strong><em>σωθῶ</em></strong></span> <span class='ocrx_word' id='word_1_27' title='bbox 353 487 466 530; x_wconf 89' lang='grc' dir='ltr'><strong><em>τῶν</em></strong></span> <span class='ocrx_word' id='word_1_28' title='bbox 502 473 605 544; x_wconf 72' lang='grc' dir='ltr'><strong><em>μὲν</em></strong></span> <span class='ocrx_word' id='word_1_29' title='bbox 644 474 791 546; x_wconf 86' lang='grc' dir='ltr'><strong><em>ἐμῶν</em></strong></span> <span class='ocrx_word' id='word_1_30' title='bbox 830 479 1012 545; x_wconf 87' lang='grc' dir='ltr'><strong><em>φίλων</em></strong></span> <span class='ocrx_word' id='word_1_31' title='bbox 1052 477 1427 544; x_wconf 77' lang='grc' dir='ltr'><strong><em>ἱκετευόντων,</em></strong></span> <span class='ocrx_word' id='word_1_32' title='bbox 1462 477 1469 546; x_wconf 88' lang='grc' dir='ltr'>Ι</span> <span class='ocrx_word' id='word_1_33' title='bbox 1503 475 1660 542; x_wconf 86' lang='grc' dir='ltr'><strong><em>ὑμῶν</em></strong></span> <span class='ocrx_word' id='word_1_34' title='bbox 1690 482 1733 525; x_wconf 78' lang='lat' dir='ltr'><strong><em>R,</em></strong></span> <span class='ocrx_word' id='word_1_35' title='bbox 1754 480 1818 524; x_wconf 89' lang='lat' dir='ltr'><strong><em>IV</em></strong></span> <span class='ocrx_word' id='word_1_36' title='bbox 1840 485 1926 524; x_wconf 82' lang='lat'><strong><em>248</em></strong></span> 
     </span>
    </p>
   </div>
   <div class='ocr_carea' id='block_1_4' title="bbox 142 564 1840 2058">
    <p class='ocr_par' dir='ltr' id='par_1_4' title="bbox 142 564 1840 2058">
     <span class='ocr_line' id='line_1_6' title="bbox 147 564 1837 635; baseline -0.001 -17"><span class='ocrx_word' id='word_1_37' title='bbox 147 564 207 619; x_wconf 77' lang='grc' dir='ltr'><strong><em>δὲ</em></strong></span> <span class='ocrx_word' id='word_1_38' title='bbox 261 565 590 634; x_wconf 78' lang='grc' dir='ltr'><strong><em>ἐλεούντων,</em></strong></span> <span class='ocrx_word' id='word_1_39' title='bbox 637 567 720 628; x_wconf 87' lang='grc' dir='ltr'><strong><em>τίς</em></strong></span> <span class='ocrx_word' id='word_1_40' title='bbox 758 565 788 619; x_wconf 86' lang='grc' dir='ltr'>ὁ</span> <span class='ocrx_word' id='word_1_41' title='bbox 828 566 1021 627; x_wconf 86' lang='grc' dir='ltr'><strong><em>λοιπὸς</em></strong></span> <span class='ocrx_word' id='word_1_42' title='bbox 1067 568 1216 618; x_wconf 83' lang='grc' dir='ltr'><strong><em>ἔσται</em></strong></span> <span class='ocrx_word' id='word_1_43' title='bbox 1271 585 1364 632; x_wconf 91' lang='grc' dir='ltr'><strong><em>μοι</em></strong></span> <span class='ocrx_word' id='word_1_44' title='bbox 1419 566 1562 635; x_wconf 78' lang='grc' dir='ltr'><strong><em>βίος;</em></strong></span> <span class='ocrx_word' id='word_1_45' title='bbox 1612 568 1670 617; x_wconf 87' lang='grc' dir='ltr'><strong><em>τί</em></strong></span> <span class='ocrx_word' id='word_1_46' title='bbox 1719 566 1837 618; x_wconf 89' lang='grc' dir='ltr'><strong><em>δια-</em></strong></span> 
     </span>
     <span class='ocr_line' id='line_1_7' title="bbox 144 642 1838 725; baseline 0 -17"><span class='ocrx_word' id='word_1_47' title='bbox 144 654 344 708; x_wconf 83' lang='grc' dir='ltr'><strong><em>τελέσω</em></strong></span> <span class='ocrx_word' id='word_1_48' title='bbox 402 664 602 720; x_wconf 88' lang='grc' dir='ltr'><strong><em>ποιῶν;</em></strong></span> <span class='ocrx_word' id='word_1_49' title='bbox 665 654 833 725; x_wconf 80' lang='grc' dir='ltr'><strong><em>ἀργὸς</em></strong></span> <span class='ocrx_word' id='word_1_50' title='bbox 891 642 1236 721; x_wconf 57' lang='grc' dir='ltr'><strong><em>καθεδοῗῦμαι</em></strong></span> <span class='ocrx_word' id='word_1_51' title='bbox 1293 652 1575 723; x_wconf 15' lang='grc' dir='ltr'><strong><em>*λεγόντων</em></strong></span> <span class='ocrx_word' id='word_1_52' title='bbox 1636 654 1838 725; x_wconf 82' lang='grc' dir='ltr'><strong><em>ἑτέρων</em></strong></span> 
     </span>
     <span class='ocr_line' id='line_1_8' title="bbox 145 739 1838 814; baseline 0.001 -18"><span class='ocrx_word' id='word_1_53' title='bbox 145 743 365 797; x_wconf 88' lang='grc' dir='ltr'><strong><em>ἀκούων</em></strong></span> <span class='ocrx_word' id='word_1_54' title='bbox 402 744 536 812; x_wconf 78' lang='grc' dir='ltr'><strong><em>μετὰ</em></strong></span> <span class='ocrx_word' id='word_1_55' title='bbox 567 743 859 811; x_wconf 85' lang='grc' dir='ltr'><strong><em>τοσαύτην,</em></strong></span> <span class='ocrx_word' id='word_1_56' title='bbox 900 739 941 796; x_wconf 81' lang='grc' dir='ltr'><em>ὦ</em></span> <span class='ocrx_word' id='word_1_57' title='bbox 975 743 1174 812; x_wconf 77' lang='grc' dir='ltr'><strong><em>ἄνδρες</em></strong></span> <span class='ocrx_word' id='word_1_58' title='bbox 1204 741 1500 812; x_wconf 79' lang='grc' dir='ltr'><strong><em>Ἀθηναῖοι,</em></strong></span> <span class='ocrx_word' id='word_1_59' title='bbox 1531 747 1838 814; x_wconf 80' lang='grc' dir='ltr'><strong><em>πολιτείαν;</em></strong></span> 
     </span>
     <span class='ocr_line' id='line_1_9' title="bbox 144 827 1839 901; baseline 0.001 -16"><span class='ocrx_word' id='word_1_60' title='bbox 144 831 235 885; x_wconf 89' lang='grc' dir='ltr'><strong><em>καὶ</em></strong></span> <span class='ocrx_word' id='word_1_61' title='bbox 289 827 451 886; x_wconf 83' lang='grc' dir='ltr'><strong><em>τοῦθ’</em></strong></span> <span class='ocrx_word' id='word_1_62' title='bbox 502 832 636 901; x_wconf 83' lang='grc' dir='ltr'><strong><em>ὑμῖν</em></strong></span> <span class='ocrx_word' id='word_1_63' title='bbox 688 834 885 896; x_wconf 87' lang='grc' dir='ltr'><strong><em>καλόν;</em></strong></span> <span class='ocrx_word' id='word_1_64' title='bbox 939 830 1059 884; x_wconf 86' lang='grc' dir='ltr'><strong><em>ἀλλ’</em></strong></span> <span class='ocrx_word' id='word_1_65' title='bbox 1113 829 1220 901; x_wconf 86' lang='grc' dir='ltr'><strong><em>ἐρῶ</em></strong></span> <span class='ocrx_word' id='word_1_66' title='bbox 1274 830 1366 884; x_wconf 88' lang='grc' dir='ltr'><strong><em>καὶ</em></strong></span> <span class='ocrx_word' id='word_1_67' title='bbox 1421 832 1614 900; x_wconf 78' lang='grc' dir='ltr'><strong><em>γράψω</em></strong></span> <span class='ocrx_word' id='word_1_68' title='bbox 1669 833 1839 886; x_wconf 80' lang='grc' dir='ltr'><strong><em>πάλιν</em></strong></span> 
     </span>
     <span class='ocr_line' id='line_1_10' title="bbox 143 919 1838 991; baseline 0.001 -18"><span class='ocrx_word' id='word_1_69' title='bbox 143 921 328 974; x_wconf 87' lang='grc' dir='ltr'><strong><em>ἐκεῖνα</em></strong></span> <span class='ocrx_word' id='word_1_70' title='bbox 365 921 432 974; x_wconf 82' lang='grc' dir='ltr'><strong><em>τὰ</em></strong></span> <span class='ocrx_word' id='word_1_71' title='bbox 478 922 723 989; x_wconf 81' lang='grc' dir='ltr'><strong><em>συνήθη·</em></strong></span> <span class='ocrx_word' id='word_1_72' title='bbox 771 919 1065 988; x_wconf 82' lang='grc' dir='ltr'><strong><em>ἐξίωμεν,</em></strong></span> <span class='ocrx_word' id='word_1_73' title='bbox 1113 919 1545 991; x_wconf 82' lang='grc' dir='ltr'><strong><em>εἰσφέρωμεν,</em></strong></span> <span class='ocrx_word' id='word_1_74' title='bbox 1600 927 1838 975; x_wconf 89' lang='grc' dir='ltr'><strong><em>νουθε-</em></strong></span> 
     </span>
     <span class='ocr_line' id='line_1_11' title="bbox 143 1007 1836 1079; baseline 0.001 -17"><span class='ocrx_word' id='word_1_75' title='bbox 143 1019 352 1079; x_wconf 89' lang='grc' dir='ltr'><strong><em>τῶμεν</em></strong></span> <span class='ocrx_word' id='word_1_76' title='bbox 390 1009 905 1079; x_wconf 84' lang='grc' dir='ltr'><strong><em>τοὺςἝλληνας,</em></strong></span> <span class='ocrx_word' id='word_1_77' title='bbox 944 1009 1426 1079; x_wconf 84' lang='grc' dir='ltr'><strong><em>ἀναμαχώμεθα</em></strong></span> <span class='ocrx_word' id='word_1_78' title='bbox 1463 1012 1581 1078; x_wconf 87' lang='grc' dir='ltr'><strong><em>τὴν</em></strong></span> <span class='ocrx_word' id='word_1_79' title='bbox 1611 1007 1836 1079; x_wconf 82' lang='grc' dir='ltr'><strong><em>ἧτταν,</em></strong></span> 
     </span>
     <span class='ocr_line' id='line_1_12' title="bbox 144 1097 1836 1168; baseline 0.001 -16"><span class='ocrx_word' id='word_1_80' title='bbox 144 1099 564 1168; x_wconf 82' lang='grc' dir='ltr'><strong><em>ἀντεχώμεθα</em></strong></span> <span class='ocrx_word' id='word_1_81' title='bbox 603 1107 713 1167; x_wconf 85' lang='grc' dir='ltr'><strong><em>τῆς</em></strong></span> <span class='ocrx_word' id='word_1_82' title='bbox 753 1097 961 1168; x_wconf 84' lang='grc' dir='ltr'><strong><em>ἀρχῆς.</em></strong></span> <span class='ocrx_word' id='word_1_83' title='bbox 1000 1099 1186 1165; x_wconf 81' lang='grc' dir='ltr'><strong><em>ὑμεῖς</em></strong></span> <span class='ocrx_word' id='word_1_84' title='bbox 1216 1099 1455 1152; x_wconf 90' lang='grc' dir='ltr'><strong><em>τούτου</em></strong></span> <span class='ocrx_word' id='word_1_85' title='bbox 1487 1107 1602 1152; x_wconf 87' lang='grc' dir='ltr'><strong><em>τοῦ</em></strong></span> <span class='ocrx_word' id='word_1_86' title='bbox 1634 1104 1836 1153; x_wconf 83' lang='grc' dir='ltr'><strong><em>καλοῦ</em></strong></span> 
     </span>
     <span class='ocr_line' id='line_1_13' title="bbox 144 1186 1838 1259; baseline 0.002 -19"><span class='ocrx_word' id='word_1_87' title='bbox 144 1191 561 1258; x_wconf 79' lang='grc' dir='ltr'><strong><em>κληρονόμοι.</em></strong></span> <span class='ocrx_word' id='word_1_88' title='bbox 632 1188 718 1240; x_wconf 80' lang='grc'><strong><em>28.</em></strong></span> <span class='ocrx_word' id='word_1_89' title='bbox 779 1186 871 1240; x_wconf 84' lang='grc' dir='ltr'><strong><em>καὶ</em></strong></span> <span class='ocrx_word' id='word_1_90' title='bbox 932 1190 1015 1250; x_wconf 90' lang='grc' dir='ltr'><strong><em>τίς</em></strong></span> <span class='ocrx_word' id='word_1_91' title='bbox 1076 1188 1201 1256; x_wconf 82' lang='grc' dir='ltr'><strong><em>οὐχὶ</em></strong></span> <span class='ocrx_word' id='word_1_92' title='bbox 1268 1188 1482 1241; x_wconf 90' lang='grc' dir='ltr'><strong><em>τούτων</em></strong></span> <span class='ocrx_word' id='word_1_93' title='bbox 1542 1198 1656 1242; x_wconf 90' lang='grc' dir='ltr'><strong><em>τῶν</em></strong></span> <span class='ocrx_word' id='word_1_94' title='bbox 1716 1188 1838 1259; x_wconf 87' lang='grc' dir='ltr'><strong><em>ἐμοὶ</em></strong></span> 
     </span>
     <span class='ocr_line' id='line_1_14' title="bbox 142 1275 1840 1347; baseline 0.001 -17"><span class='ocrx_word' id='word_1_95' title='bbox 142 1279 683 1346; x_wconf 75' lang='grc' dir='ltr'><strong><em>προσκεκρουκότων,</em></strong></span> <span class='ocrx_word' id='word_1_96' title='bbox 723 1276 822 1339; x_wconf 85' lang='grc' dir='ltr'><strong><em>οὓς</em></strong></span> <span class='ocrx_word' id='word_1_97' title='bbox 852 1276 990 1330; x_wconf 83' lang='grc' dir='ltr'><strong><em>ἀνιῶ</em></strong></span> <span class='ocrx_word' id='word_1_98' title='bbox 1024 1275 1216 1345; x_wconf 77' lang='grc' dir='ltr'><strong><em>λέγων,</em></strong></span> <span class='ocrx_word' id='word_1_99' title='bbox 1256 1276 1562 1340; x_wconf 80' lang='grc' dir='ltr'><strong><em>ἐπαναστὰς</em></strong></span> <span class='ocrx_word' id='word_1_100' title='bbox 1593 1279 1840 1347; x_wconf 88' lang='grc' dir='ltr'><strong><em>ὑβριστι-</em></strong></span> 
     </span>
     <span class='ocr_line' id='line_1_15' title="bbox 142 1363 1838 1441; baseline 0.001 -22"><span class='ocrx_word' id='word_1_101' title='bbox 142 1376 251 1429; x_wconf 89' lang='grc' dir='ltr'><strong><em>κῶς</em></strong></span> <span class='ocrx_word' id='word_1_102' title='bbox 290 1365 508 1434; x_wconf 83' lang='grc' dir='ltr'><strong><em>ἐκβαλεῖ</em></strong></span> <span class='ocrx_word' id='word_1_103' title='bbox 545 1386 612 1434; x_wconf 92' lang='grc' dir='ltr'><strong><em>με</em></strong></span> <span class='ocrx_word' id='word_1_104' title='bbox 650 1374 749 1419; x_wconf 87' lang='grc' dir='ltr'><strong><em>τοῦ</em></strong></span> <span class='ocrx_word' id='word_1_105' title='bbox 789 1368 1051 1441; x_wconf 87' lang='grc' dir='ltr'><strong><em>βήματος;</em></strong></span> <span class='ocrx_word' id='word_1_106' title='bbox 1106 1367 1219 1418; x_wconf 91' lang='grc' dir='ltr'><strong><em>τὸν</em></strong></span> <span class='ocrx_word' id='word_1_107' title='bbox 1266 1363 1334 1419; x_wconf 74' lang='grc' dir='ltr'><strong><em>δὲ</em></strong></span> <span class='ocrx_word' id='word_1_108' title='bbox 1383 1368 1676 1435; x_wconf 79' lang='grc' dir='ltr'><strong><em>ἔκδοτον,</em></strong></span> <span class='ocrx_word' id='word_1_109' title='bbox 1723 1369 1838 1421; x_wconf 89' lang='grc' dir='ltr'><strong><em>τὸν</em></strong></span> 
     </span>
     <span class='ocr_line' id='line_1_16' title="bbox 144 1453 1838 1527; baseline 0.001 -19"><span class='ocrx_word' id='word_1_110' title='bbox 144 1453 212 1507; x_wconf 79' lang='grc' dir='ltr'><strong><em>δὲ</em></strong></span> <span class='ocrx_word' id='word_1_111' title='bbox 259 1457 517 1525; x_wconf 78' lang='grc' dir='ltr'><strong><em>ἄτιμον,</em></strong></span> <span class='ocrx_word' id='word_1_112' title='bbox 570 1456 684 1508; x_wconf 91' lang='grc' dir='ltr'><strong><em>τὸν</em></strong></span> <span class='ocrx_word' id='word_1_113' title='bbox 739 1453 892 1527; x_wconf 78' lang='grc' dir='ltr'><strong><em>ἐλέῳ</em></strong></span> <span class='ocrx_word' id='word_1_114' title='bbox 939 1454 1381 1524; x_wconf 89' lang='grc' dir='ltr'><strong><em>σεσωσμένον,</em></strong></span> <span class='ocrx_word' id='word_1_115' title='bbox 1433 1456 1547 1509; x_wconf 92' lang='grc' dir='ltr'><strong><em>τὸν</em></strong></span> <span class='ocrx_word' id='word_1_116' title='bbox 1593 1457 1838 1510; x_wconf 89' lang='grc' dir='ltr'><strong><em>δοῦλον</em></strong></span> 
     </span>
     <span class='ocr_line' id='line_1_17' title="bbox 143 1543 1839 1615; baseline 0.002 -19"><span class='ocrx_word' id='word_1_117' title='bbox 143 1554 270 1597; x_wconf 88' lang='grc' dir='ltr'><strong><em>τῶν</em></strong></span> <span class='ocrx_word' id='word_1_118' title='bbox 330 1544 491 1615; x_wconf 83' lang='grc' dir='ltr'><strong><em>ὑπὲρ</em></strong></span> <span class='ocrx_word' id='word_1_119' title='bbox 561 1543 765 1597; x_wconf 84' lang='grc' dir='ltr'><strong><em>αὐτοῦ</em></strong></span> <span class='ocrx_word' id='word_1_120' title='bbox 835 1544 1362 1613; x_wconf 86' lang='grc' dir='ltr'><strong><em>δεδακρυκότων,</em></strong></span> <span class='ocrx_word' id='word_1_121' title='bbox 1431 1553 1670 1598; x_wconf 87' lang='grc' dir='ltr'><strong><em>τοῦτον</em></strong></span> <span class='ocrx_word' id='word_1_122' title='bbox 1738 1546 1839 1599; x_wconf 88' lang='grc' dir='ltr'><strong><em>δεῖ</em></strong></span> 
     </span>
     <span class='ocr_line' id='line_1_18' title="bbox 144 1628 1836 1703; baseline 0.001 -17"><span class='ocrx_word' id='word_1_123' title='bbox 144 1633 533 1702; x_wconf 80' lang='grc' dir='ltr'><strong><em>ἀναβαίνειν</em></strong></span> <span class='ocrx_word' id='word_1_124' title='bbox 579 1631 682 1686; x_wconf 84' lang='grc' dir='ltr'><strong><em>ἐπὶ</em></strong></span> <span class='ocrx_word' id='word_1_125' title='bbox 728 1634 797 1687; x_wconf 91' lang='grc' dir='ltr'><strong><em>τὸ</em></strong></span> <span class='ocrx_word' id='word_1_126' title='bbox 844 1635 1015 1701; x_wconf 80' lang='grc' dir='ltr'><strong><em>βῆμα</em></strong></span> <span class='ocrx_word' id='word_1_127' title='bbox 1061 1632 1164 1685; x_wconf 84' lang='grc' dir='ltr'><strong><em>καὶ</em></strong></span> <span class='ocrx_word' id='word_1_128' title='bbox 1214 1635 1614 1703; x_wconf 89' lang='grc' dir='ltr'><strong><em>σεμνότερον</em></strong></span> <span class='ocrx_word' id='word_1_129' title='bbox 1663 1628 1836 1688; x_wconf 83' lang='grc' dir='ltr'><strong><em>εἶναι</em></strong></span> 
     </span>
     <span class='ocr_line' id='line_1_19' title="bbox 144 1720 1838 1792; baseline 0.002 -18"><span class='ocrx_word' id='word_1_130' title='bbox 144 1731 257 1775; x_wconf 87' lang='grc' dir='ltr'><strong><em>τοῦ</em></strong></span> <span class='ocrx_word' id='word_1_131' title='bbox 291 1721 583 1792; x_wconf 76' lang='grc' dir='ltr'><strong><em>δέοντοςς</em></strong></span> <span class='ocrx_word' id='word_1_132' title='bbox 607 1721 805 1775; x_wconf 78' lang='grc' dir='ltr'><strong><em>πάλιν</em></strong></span> <span class='ocrx_word' id='word_1_133' title='bbox 831 1723 908 1774; x_wconf 88' lang='grc' dir='ltr'><strong><em>σὺ</em></strong></span> <span class='ocrx_word' id='word_1_134' title='bbox 933 1722 1212 1791; x_wconf 87' lang='grc' dir='ltr'><strong><em>θρασύς;</em></strong></span> <span class='ocrx_word' id='word_1_135' title='bbox 1238 1721 1593 1792; x_wconf 86' lang='grc' dir='ltr'><strong><em>ἐπιθυμεῖν</em></strong></span> <span class='ocrx_word' id='word_1_136' title='bbox 1618 1720 1838 1786; x_wconf 77' lang='grc' dir='ltr'><strong><em>ἔοικας</em></strong></span> 
     </span>
     <span class='ocr_line' id='line_1_20' title="bbox 144 1807 1837 1880; baseline 0.001 -16"><span class='ocrx_word' id='word_1_137' title='bbox 144 1810 482 1880; x_wconf 78' lang='grc' dir='ltr'><strong><em>δευτέρων</em></strong></span> <span class='ocrx_word' id='word_1_138' title='bbox 519 1819 747 1864; x_wconf 86' lang='grc' dir='ltr'><strong><em>κακῶν.</em></strong></span> <span class='ocrx_word' id='word_1_139' title='bbox 787 1812 861 1880; x_wconf 85' lang='grc' dir='ltr'><strong><em>μή</em></strong></span> <span class='ocrx_word' id='word_1_140' title='bbox 891 1829 976 1880; x_wconf 90' lang='grc' dir='ltr'><strong><em>με,</em></strong></span> <span class='ocrx_word' id='word_1_141' title='bbox 1008 1807 1050 1864; x_wconf 80' lang='grc' dir='ltr'><em>ὦ</em></span> <span class='ocrx_word' id='word_1_142' title='bbox 1085 1811 1282 1880; x_wconf 76' lang='grc' dir='ltr'><strong><em>ἄνδρες</em></strong></span> <span class='ocrx_word' id='word_1_143' title='bbox 1312 1810 1613 1880; x_wconf 76' lang='grc' dir='ltr'><strong><em>Ἀθηναῖοι,</em></strong></span> <span class='ocrx_word' id='word_1_144' title='bbox 1655 1813 1837 1866; x_wconf 86' lang='grc' dir='ltr'><strong><em>τοιού-</em></strong></span> 
     </span>
     <span class='ocr_line' id='line_1_21' title="bbox 143 1895 1837 1970; baseline 0.001 -17"><span class='ocrx_word' id='word_1_145' title='bbox 143 1921 259 1964; x_wconf 88' lang='grc' dir='ltr'><strong><em>τοις</em></strong></span> <span class='ocrx_word' id='word_1_146' title='bbox 314 1899 592 1969; x_wconf 81' lang='grc' dir='ltr'><strong><em>φυλάξητε</em></strong></span> <span class='ocrx_word' id='word_1_147' title='bbox 638 1902 849 1968; x_wconf 78' lang='grc' dir='ltr'><strong><em>λόγοις,</em></strong></span> <span class='ocrx_word' id='word_1_148' title='bbox 904 1895 1022 1952; x_wconf 85' lang='grc' dir='ltr'><strong><em>ἀλλ’</em></strong></span> <span class='ocrx_word' id='word_1_149' title='bbox 1075 1898 1176 1961; x_wconf 81' lang='grc' dir='ltr'><strong><em>ἕως</em></strong></span> <span class='ocrx_word' id='word_1_150' title='bbox 1230 1899 1316 1952; x_wconf 85' lang='grc' dir='ltr'><strong><em>ἐπὶ</em></strong></span> <span class='ocrx_word' id='word_1_151' title='bbox 1370 1908 1466 1969; x_wconf 81' lang='grc' dir='ltr'><strong><em>τῆς</em></strong></span> <span class='ocrx_word' id='word_1_152' title='bbox 1519 1898 1837 1970; x_wconf 81' lang='grc' dir='ltr'><strong><em>ἔμπροσθεν</em></strong></span> 
     </span>
     <span class='ocr_line' id='line_1_22' title="bbox 143 1987 1023 2058; baseline -0.001 -16"><span class='ocrx_word' id='word_1_153' title='bbox 143 1988 401 2058; x_wconf 80' lang='grc' dir='ltr'><strong><em>ἑστήκατε</em></strong></span> <span class='ocrx_word' id='word_1_154' title='bbox 440 1987 617 2056; x_wconf 83' lang='grc' dir='ltr'><strong><em>δόξης,</em></strong></span> <span class='ocrx_word' id='word_1_155' title='bbox 657 1988 1023 2042; x_wconf 83' lang='grc' dir='ltr'><strong><em>ἀποκτείνατε.</em></strong></span> 
     </span>
    </p>
   </div>
   <div class='ocr_carea' id='block_1_5' title="bbox 143 2118 1837 2944">
    <p class='ocr_par' dir='ltr' id='par_1_5' title="bbox 143 2118 1835 2235">
     <span class='ocr_line' id='line_1_23' title="bbox 266 2118 1835 2176; baseline 0.001 -12"><span class='ocrx_word' id='word_1_156' title='bbox 266 2125 290 2164; x_wconf 88' lang='grc'><strong>9</strong></span> <span class='ocrx_word' id='word_1_157' title='bbox 323 2120 452 2164; x_wconf 85' lang='lat' dir='ltr'>Dem.</span> <span class='ocrx_word' id='word_1_158' title='bbox 479 2135 525 2176; x_wconf 87' lang='lat' dir='ltr'><strong><em>p.</em></strong></span> <span class='ocrx_word' id='word_1_159' title='bbox 551 2124 651 2174; x_wconf 82' lang='lat'><strong>606,</strong></span> <span class='ocrx_word' id='word_1_160' title='bbox 670 2123 725 2163; x_wconf 82' lang='lat'><strong><em>26</em></strong></span> <span class='ocrx_word' id='word_1_161' title='bbox 851 2123 905 2163; x_wconf 93' lang='grc'><strong><em>10</em></strong></span> <span class='ocrx_word' id='word_1_162' title='bbox 937 2118 995 2163; x_wconf 86' lang='lat' dir='ltr'><strong><em>of.</em></strong></span> <span class='ocrx_word' id='word_1_163' title='bbox 1021 2120 1054 2164; x_wconf 74' lang='lat' dir='ltr'><strong><em>t.</em></strong></span> <span class='ocrx_word' id='word_1_164' title='bbox 1079 2119 1100 2163; x_wconf 92' lang='lat' dir='ltr'>I</span> <span class='ocrx_word' id='word_1_165' title='bbox 1126 2123 1224 2173; x_wconf 80' lang='lat'>104,</span> <span class='ocrx_word' id='word_1_166' title='bbox 1243 2124 1290 2174; x_wconf 78' lang='lat'><strong><em>83</em></strong></span> <span class='ocrx_word' id='word_1_167' title='bbox 1322 2120 1366 2164; x_wconf 90' lang='grc' dir='ltr'>Π</span> <span class='ocrx_word' id='word_1_168' title='bbox 1390 2125 1490 2175; x_wconf 82' lang='grc'><strong><em>211,</em></strong></span> <span class='ocrx_word' id='word_1_169' title='bbox 1511 2124 1564 2164; x_wconf 84' lang='grc'><strong><em>12</em></strong></span> <span class='ocrx_word' id='word_1_170' title='bbox 1690 2125 1744 2165; x_wconf 92' lang='grc'><strong><em>18</em></strong></span> <span class='ocrx_word' id='word_1_171' title='bbox 1777 2121 1835 2165; x_wconf 81' lang='lat' dir='ltr'><strong><em>ef.</em></strong></span> 
     </span>
     <span class='ocr_line' id='line_1_24' title="bbox 143 2178 793 2235; baseline -0.002 -12"><span class='ocrx_word' id='word_1_172' title='bbox 143 2195 188 2235; x_wconf 88' lang='lat' dir='ltr'><strong><em>p.</em></strong></span> <span class='ocrx_word' id='word_1_173' title='bbox 215 2184 381 2234; x_wconf 82' lang='lat'>349‚6;</span> <span class='ocrx_word' id='word_1_174' title='bbox 412 2181 445 2224; x_wconf 77' lang='lat' dir='ltr'><strong><em>t.</em></strong></span> <span class='ocrx_word' id='word_1_175' title='bbox 471 2178 536 2222; x_wconf 75' lang='lat' dir='ltr'><strong><em>IV</em></strong></span> <span class='ocrx_word' id='word_1_176' title='bbox 561 2183 733 2233; x_wconf 82' lang='lat'>298,11</span> <span class='ocrx_word' id='word_1_177' title='bbox 753 2179 793 2222; x_wconf 82' lang='lat' dir='ltr'>R</span> 
     </span>
    </p>

    <p class='ocr_par' dir='ltr' id='par_1_6' title="bbox 144 2295 1837 2944">
     <span class='ocr_line' id='line_1_25' title="bbox 267 2295 1718 2355; baseline 0.001 -14"><span class='ocrx_word' id='word_1_178' title='bbox 267 2303 288 2341; x_wconf 93' lang='lat'>1</span> <span class='ocrx_word' id='word_1_179' title='bbox 322 2297 589 2355; x_wconf 84' lang='grc' dir='ltr'><strong><em>ἡττήθημεν</em></strong></span> <span class='ocrx_word' id='word_1_180' title='bbox 613 2295 696 2352; x_wconf 83' lang='grc' dir='ltr'><strong><em>μέν</em></strong></span> <span class='ocrx_word' id='word_1_181' title='bbox 720 2297 896 2341; x_wconf 84' lang='lat' dir='ltr'>inserui</span> <span class='ocrx_word' id='word_1_182' title='bbox 922 2310 946 2340; x_wconf 89' lang='lat' dir='ltr'>e</span> <span class='ocrx_word' id='word_1_183' title='bbox 963 2298 1009 2342; x_wconf 93' lang='lat' dir='ltr'><em>P</em></span> <span class='ocrx_word' id='word_1_184' title='bbox 1081 2296 1348 2355; x_wconf 86' lang='grc' dir='ltr'><strong><em>ἡττήθημεν</em></strong></span> <span class='ocrx_word' id='word_1_185' title='bbox 1372 2299 1467 2343; x_wconf 79' lang='lat' dir='ltr'><strong><em>Ath</em></strong></span> <span class='ocrx_word' id='word_1_186' title='bbox 1527 2312 1603 2343; x_wconf 90' lang='lat' dir='ltr'><strong><em>om</em></strong></span> <span class='ocrx_word' id='word_1_187' title='bbox 1626 2299 1718 2343; x_wconf 84' lang='lat' dir='ltr'><strong><em>edd</em></strong></span> 
     </span>
     <span class='ocr_line' id='line_1_26' title="bbox 144 2356 1779 2414; baseline 0.002 -14"><span class='ocrx_word' id='word_1_188' title='bbox 144 2363 170 2400; x_wconf 77' lang='lat'><strong>2</strong></span> <span class='ocrx_word' id='word_1_189' title='bbox 205 2356 518 2414; x_wconf 77' lang='grc' dir='ltr'><strong><em>Δημοσθένην</em></strong></span> <span class='ocrx_word' id='word_1_190' title='bbox 550 2356 715 2411; x_wconf 84' lang='lat' dir='ltr'>scripsi</span> <span class='ocrx_word' id='word_1_191' title='bbox 747 2370 851 2400; x_wconf 89' lang='lat' dir='ltr'><strong><em>cum</em></strong></span> <span class='ocrx_word' id='word_1_192' title='bbox 882 2356 1093 2400; x_wconf 85' lang='lat' dir='ltr'>Iacobsio</span> <span class='ocrx_word' id='word_1_193' title='bbox 1124 2356 1237 2400; x_wconf 64' lang='lat' dir='ltr'>Lecss</span> <span class='ocrx_word' id='word_1_194' title='bbox 1262 2361 1344 2400; x_wconf 90' lang='grc'><strong><em>101</em></strong></span> <span class='ocrx_word' id='word_1_195' title='bbox 1379 2357 1475 2402; x_wconf 89' lang='lat' dir='ltr'><strong><em>Rev</em></strong></span> <span class='ocrx_word' id='word_1_196' title='bbox 1499 2362 1524 2400; x_wconf 90' lang='lat'><strong>3</strong></span> <span class='ocrx_word' id='word_1_197' title='bbox 1550 2360 1598 2402; x_wconf 78' lang='lat' dir='ltr'><strong><em>et</em></strong></span> <span class='ocrx_word' id='word_1_198' title='bbox 1621 2356 1779 2403; x_wconf 81' lang='lat' dir='ltr'>Gasda</span> 
     </span>
     <span class='ocr_line' id='line_1_27' title="bbox 145 2414 1718 2473; baseline 0.001 -13"><span class='ocrx_word' id='word_1_199' title='bbox 145 2414 441 2473; x_wconf 80' lang='grc' dir='ltr'><strong><em>δημοσθένης</em></strong></span> <span class='ocrx_word' id='word_1_200' title='bbox 471 2415 582 2459; x_wconf 86' lang='lat' dir='ltr'>libri</span> <span class='ocrx_word' id='word_1_201' title='bbox 612 2415 704 2459; x_wconf 83' lang='lat' dir='ltr'><strong><em>edd</em></strong></span> <span class='ocrx_word' id='word_1_202' title='bbox 849 2419 874 2458; x_wconf 88' lang='lat'>8</span> <span class='ocrx_word' id='word_1_203' title='bbox 907 2415 987 2459; x_wconf 81' lang='grc' dir='ltr'><strong><em>καὶ</em></strong></span> <span class='ocrx_word' id='word_1_204' title='bbox 1019 2417 1127 2459; x_wconf 73' lang='lat' dir='ltr'>ante</span> <span class='ocrx_word' id='word_1_205' title='bbox 1159 2415 1301 2460; x_wconf 77' lang='grc' dir='ltr'><strong><em>πάλιν</em></strong></span> <span class='ocrx_word' id='word_1_206' title='bbox 1324 2417 1370 2460; x_wconf 88' lang='grc' dir='ltr'><em>Ρ</em></span> <span class='ocrx_word' id='word_1_207' title='bbox 1399 2417 1490 2460; x_wconf 84' lang='lat' dir='ltr'><strong><em>edd</em></strong></span> <span class='ocrx_word' id='word_1_208' title='bbox 1566 2417 1718 2461; x_wconf 82' lang='lat' dir='ltr'>delevi</span> 
     </span>
     <span class='ocr_line' id='line_1_28' title="bbox 144 2475 1836 2534; baseline 0.001 -16"><span class='ocrx_word' id='word_1_209' title='bbox 144 2479 171 2518; x_wconf 84' lang='lat'>9</span> <span class='ocrx_word' id='word_1_210' title='bbox 197 2478 407 2520; x_wconf 85' lang='grc' dir='ltr'><strong><em>νουθετῶ</em></strong></span> <span class='ocrx_word' id='word_1_211' title='bbox 433 2475 516 2530; x_wconf 81' lang='grc' dir='ltr'><strong><em>μὲν</em></strong></span> <span class='ocrx_word' id='word_1_212' title='bbox 534 2475 602 2518; x_wconf 89' lang='lat' dir='ltr'><strong><em>Re</em></strong></span> <span class='ocrx_word' id='word_1_213' title='bbox 725 2479 777 2517; x_wconf 85' lang='lat'><strong><em>12</em></strong></span> <span class='ocrx_word' id='word_1_214' title='bbox 802 2477 1030 2530; x_wconf 78' lang='lat' dir='ltr'>punctum</span> <span class='ocrx_word' id='word_1_215' title='bbox 1052 2476 1161 2531; x_wconf 70' lang='lat' dir='ltr'>post</span> <span class='ocrx_word' id='word_1_216' title='bbox 1183 2475 1462 2532; x_wconf 83' lang='grc' dir='ltr'><strong><em>κληρονόμοι</em></strong></span> <span class='ocrx_word' id='word_1_217' title='bbox 1484 2476 1632 2532; x_wconf 81' lang='lat' dir='ltr'>posui,</span> <span class='ocrx_word' id='word_1_218' title='bbox 1651 2477 1836 2534; x_wconf 86' lang='lat' dir='ltr'>signum</span> 
     </span>
     <span class='ocr_line' id='line_1_29' title="bbox 144 2533 1835 2590; baseline 0.002 -13"><span class='ocrx_word' id='word_1_219' title='bbox 144 2534 526 2590; x_wconf 67' lang='lat' dir='ltr'>infierrogationis</span> <span class='ocrx_word' id='word_1_220' title='bbox 564 2533 676 2577; x_wconf 85' lang='lat' dir='ltr'>libri</span> <span class='ocrx_word' id='word_1_221' title='bbox 714 2533 805 2578; x_wconf 88' lang='lat' dir='ltr'><strong><em>edd</em></strong></span> <span class='ocrx_word' id='word_1_222' title='bbox 856 2536 862 2590; x_wconf 84' lang='grc' dir='ltr'>Ι</span> <span class='ocrx_word' id='word_1_223' title='bbox 910 2541 1003 2578; x_wconf 85' lang='grc' dir='ltr'><strong><em>τῶν</em></strong></span> <span class='ocrx_word' id='word_1_224' title='bbox 1045 2533 1220 2578; x_wconf 88' lang='lat' dir='ltr'>inserui</span> <span class='ocrx_word' id='word_1_225' title='bbox 1253 2547 1278 2578; x_wconf 87' lang='lat' dir='ltr'>e</span> <span class='ocrx_word' id='word_1_226' title='bbox 1308 2534 1441 2578; x_wconf 88' lang='lat' dir='ltr'>libris</span> <span class='ocrx_word' id='word_1_227' title='bbox 1481 2549 1586 2578; x_wconf 88' lang='lat' dir='ltr'><strong><em>cum</em></strong></span> <span class='ocrx_word' id='word_1_228' title='bbox 1623 2535 1835 2580; x_wconf 80' lang='lat' dir='ltr'>Iacobsio</span> 
     </span>
     <span class='ocr_line' id='line_1_30' title="bbox 146 2592 1836 2652; baseline 0.001 -15"><span class='ocrx_word' id='word_1_229' title='bbox 146 2593 259 2637; x_wconf 63' lang='lat' dir='ltr'>Lecfi</span> <span class='ocrx_word' id='word_1_230' title='bbox 285 2598 368 2638; x_wconf 83' lang='lat'><strong><em>102</em></strong></span> <span class='ocrx_word' id='word_1_231' title='bbox 402 2593 497 2637; x_wconf 89' lang='lat' dir='ltr'><strong><em>Rev</em></strong></span> <span class='ocrx_word' id='word_1_232' title='bbox 522 2598 546 2635; x_wconf 92' lang='lat'><strong>3</strong></span> <span class='ocrx_word' id='word_1_233' title='bbox 581 2592 763 2637; x_wconf 73' lang='lat' dir='ltr'>Sinteni</span> <span class='ocrx_word' id='word_1_234' title='bbox 796 2592 954 2637; x_wconf 84' lang='lat' dir='ltr'>Gasda.</span> <span class='ocrx_word' id='word_1_235' title='bbox 1026 2606 1102 2636; x_wconf 90' lang='lat' dir='ltr'><strong><em>om</em></strong></span> <span class='ocrx_word' id='word_1_236' title='bbox 1134 2594 1225 2637; x_wconf 88' lang='lat' dir='ltr'><strong><em>edd</em></strong></span> <span class='ocrx_word' id='word_1_237' title='bbox 1371 2599 1426 2638; x_wconf 83' lang='lat'><strong><em>14</em></strong></span> <span class='ocrx_word' id='word_1_238' title='bbox 1458 2593 1643 2652; x_wconf 76' lang='grc' dir='ltr'><strong><em>ἐκβαλεῖ</em></strong></span> <span class='ocrx_word' id='word_1_239' title='bbox 1670 2595 1836 2652; x_wconf 81' lang='lat' dir='ltr'>scripsi</span> 
     </span>
     <span class='ocr_line' id='line_1_31' title="bbox 145 2651 1836 2710; baseline 0.001 -14"><span class='ocrx_word' id='word_1_240' title='bbox 145 2667 252 2696; x_wconf 88' lang='lat' dir='ltr'><strong><em>cum</em></strong></span> <span class='ocrx_word' id='word_1_241' title='bbox 286 2652 441 2696; x_wconf 82' lang='lat' dir='ltr'>Gasda.</span> <span class='ocrx_word' id='word_1_242' title='bbox 472 2654 520 2696; x_wconf 77' lang='lat' dir='ltr'><strong><em>et</em></strong></span> <span class='ocrx_word' id='word_1_243' title='bbox 551 2651 726 2696; x_wconf 76' lang='lat' dir='ltr'>Cobeto</span> <span class='ocrx_word' id='word_1_244' title='bbox 757 2652 876 2696; x_wconf 89' lang='lat' dir='ltr'>Misc</span> <span class='ocrx_word' id='word_1_245' title='bbox 901 2657 983 2696; x_wconf 79' lang='lat'><strong><em>147</em></strong></span> <span class='ocrx_word' id='word_1_246' title='bbox 1047 2651 1215 2710; x_wconf 77' lang='grc' dir='ltr'><strong><em>ἐκβάλῃ</em></strong></span> <span class='ocrx_word' id='word_1_247' title='bbox 1246 2652 1356 2696; x_wconf 87' lang='lat' dir='ltr'>libri</span> <span class='ocrx_word' id='word_1_248' title='bbox 1387 2653 1480 2697; x_wconf 85' lang='lat' dir='ltr'><strong><em>edd</em></strong></span> <span class='ocrx_word' id='word_1_249' title='bbox 1521 2656 1527 2709; x_wconf 88' lang='grc' dir='ltr'>Ι</span> <span class='ocrx_word' id='word_1_250' title='bbox 1568 2651 1651 2698; x_wconf 83' lang='grc' dir='ltr'><strong><em>τὸν</em></strong></span> <span class='ocrx_word' id='word_1_251' title='bbox 1682 2653 1734 2699; x_wconf 80' lang='grc' dir='ltr'><strong><em>δὲ</em></strong></span> <span class='ocrx_word' id='word_1_252' title='bbox 1765 2667 1836 2698; x_wconf 88' lang='lat' dir='ltr'><strong><em>re-</em></strong></span> 
     </span>
     <span class='ocr_line' id='line_1_32' title="bbox 145 2710 1837 2769; baseline 0.001 -14"><span class='ocrx_word' id='word_1_253' title='bbox 145 2712 280 2767; x_wconf 87' lang='lat' dir='ltr'>posui</span> <span class='ocrx_word' id='word_1_254' title='bbox 314 2727 337 2755; x_wconf 82' lang='lat' dir='ltr'>e</span> <span class='ocrx_word' id='word_1_255' title='bbox 368 2711 501 2755; x_wconf 88' lang='lat' dir='ltr'>libris</span> <span class='ocrx_word' id='word_1_256' title='bbox 533 2725 638 2755; x_wconf 90' lang='lat' dir='ltr'><strong><em>cum</em></strong></span> <span class='ocrx_word' id='word_1_257' title='bbox 671 2710 844 2756; x_wconf 71' lang='lat' dir='ltr'><strong><em>Cobet-,0</em></strong></span> <span class='ocrx_word' id='word_1_258' title='bbox 912 2711 1050 2756; x_wconf 80' lang='grc' dir='ltr'><strong><em>τόνδε</em></strong></span> <span class='ocrx_word' id='word_1_259' title='bbox 1081 2711 1172 2754; x_wconf 88' lang='lat' dir='ltr'><strong><em>edd</em></strong></span> <span class='ocrx_word' id='word_1_260' title='bbox 1200 2714 1206 2768; x_wconf 87' lang='grc' dir='ltr'>Ι</span> <span class='ocrx_word' id='word_1_261' title='bbox 1246 2711 1330 2756; x_wconf 87' lang='grc' dir='ltr'><strong><em>τὸν</em></strong></span> <span class='ocrx_word' id='word_1_262' title='bbox 1361 2711 1414 2756; x_wconf 83' lang='grc' dir='ltr'><strong><em>δὲ</em></strong></span> <span class='ocrx_word' id='word_1_263' title='bbox 1444 2713 1631 2769; x_wconf 87' lang='lat' dir='ltr'>reposui</span> <span class='ocrx_word' id='word_1_264' title='bbox 1662 2726 1719 2756; x_wconf 85' lang='lat' dir='ltr'><strong><em>ex</em></strong></span> <span class='ocrx_word' id='word_1_265' title='bbox 1741 2714 1837 2758; x_wconf 79' lang='lat' dir='ltr'><strong><em>Ath</em></strong></span> 
     </span>
     <span class='ocr_line' id='line_1_33' title="bbox 144 2768 1836 2827; baseline 0.002 -14"><span class='ocrx_word' id='word_1_266' title='bbox 144 2784 252 2813; x_wconf 88' lang='lat' dir='ltr'><strong><em>cum</em></strong></span> <span class='ocrx_word' id='word_1_267' title='bbox 285 2770 456 2814; x_wconf 71' lang='lat' dir='ltr'>Cobeto</span> <span class='ocrx_word' id='word_1_268' title='bbox 516 2768 654 2814; x_wconf 86' lang='grc' dir='ltr'><strong><em>τόνδε</em></strong></span> <span class='ocrx_word' id='word_1_269' title='bbox 679 2772 726 2816; x_wconf 89' lang='grc' dir='ltr'><strong><em>Ρ</em></strong></span> <span class='ocrx_word' id='word_1_270' title='bbox 751 2770 843 2814; x_wconf 88' lang='lat' dir='ltr'><strong><em>edd</em></strong></span> <span class='ocrx_word' id='word_1_271' title='bbox 965 2775 1020 2814; x_wconf 87' lang='lat'><strong><em>16</em></strong></span> <span class='ocrx_word' id='word_1_272' title='bbox 1052 2772 1127 2814; x_wconf 78' lang='grc' dir='ltr'><strong><em>δεῖ</em></strong></span> <span class='ocrx_word' id='word_1_273' title='bbox 1152 2769 1317 2827; x_wconf 84' lang='lat' dir='ltr'>scripsi</span> <span class='ocrx_word' id='word_1_274' title='bbox 1379 2774 1480 2816; x_wconf 77' lang='grc' dir='ltr'><strong><em>δεῖν</em></strong></span> <span class='ocrx_word' id='word_1_275' title='bbox 1510 2771 1621 2815; x_wconf 88' lang='lat' dir='ltr'>libri</span> <span class='ocrx_word' id='word_1_276' title='bbox 1653 2774 1701 2816; x_wconf 71' lang='lat' dir='ltr'><strong><em>et</em></strong></span> <span class='ocrx_word' id='word_1_277' title='bbox 1730 2772 1836 2816; x_wconf 88' lang='lat' dir='ltr'>coni</span> 
     </span>
     <span class='ocr_line' id='line_1_34' title="bbox 148 2828 1837 2889; baseline 0.002 -17"><span class='ocrx_word' id='word_1_278' title='bbox 148 2829 350 2873; x_wconf 73' lang='lat' dir='ltr'>Sinbenis</span> <span class='ocrx_word' id='word_1_279' title='bbox 412 2831 546 2873; x_wconf 78' lang='grc' dir='ltr'><strong><em>δεῖνα</em></strong></span> <span class='ocrx_word' id='word_1_280' title='bbox 579 2829 669 2872; x_wconf 89' lang='lat' dir='ltr'><strong><em>edd</em></strong></span> <span class='ocrx_word' id='word_1_281' title='bbox 744 2830 799 2873; x_wconf 81' lang='grc' dir='ltr'><strong><em>οὐ</em></strong></span> <span class='ocrx_word' id='word_1_282' title='bbox 835 2828 969 2873; x_wconf 77' lang='grc' dir='ltr'><strong><em>δεινὰ</em></strong></span> <span class='ocrx_word' id='word_1_283' title='bbox 999 2829 1161 2873; x_wconf 84' lang='lat' dir='ltr'>Iacobs</span> <span class='ocrx_word' id='word_1_284' title='bbox 1194 2830 1306 2873; x_wconf 77' lang='lat' dir='ltr'>Lect</span> <span class='ocrx_word' id='word_1_285' title='bbox 1339 2834 1423 2874; x_wconf 83' lang='lat'><strong><em>102</em></strong></span> <span class='ocrx_word' id='word_1_286' title='bbox 1456 2833 1653 2887; x_wconf 57' lang='lat' dir='ltr'><strong><em>(monne</em></strong></span> <span class='ocrx_word' id='word_1_287' title='bbox 1683 2833 1837 2889; x_wconf 72' lang='lat' dir='ltr'>indiq-</span> 
     </span>
     <span class='ocr_line' id='line_1_35' title="bbox 144 2887 1777 2944; baseline 0.001 -13"><span class='ocrx_word' id='word_1_288' title='bbox 144 2890 302 2941; x_wconf 73' lang='lat' dir='ltr'><em>num“)</em></span> <span class='ocrx_word' id='word_1_289' title='bbox 334 2888 431 2932; x_wconf 92' lang='lat' dir='ltr'><strong><em>Rev</em></strong></span> <span class='ocrx_word' id='word_1_290' title='bbox 457 2892 482 2931; x_wconf 82' lang='lat'><strong>3</strong></span> <span class='ocrx_word' id='word_1_291' title='bbox 545 2888 595 2933; x_wconf 79' lang='grc' dir='ltr'><strong><em>δὲ</em></strong></span> <span class='ocrx_word' id='word_1_292' title='bbox 626 2887 771 2931; x_wconf 77' lang='lat' dir='ltr'>Cobet</span> <span class='ocrx_word' id='word_1_293' title='bbox 893 2893 946 2931; x_wconf 89' lang='lat'><strong><em>18</em></strong></span> <span class='ocrx_word' id='word_1_294' title='bbox 979 2888 1134 2938; x_wconf 81' lang='grc' dir='ltr'><strong><em>ἔοικας</em></strong></span> <span class='ocrx_word' id='word_1_295' title='bbox 1165 2888 1331 2944; x_wconf 89' lang='lat' dir='ltr'>scripsi</span> <span class='ocrx_word' id='word_1_296' title='bbox 1391 2889 1512 2933; x_wconf 79' lang='grc' dir='ltr'><strong><em>ἔοικε</em></strong></span> <span class='ocrx_word' id='word_1_297' title='bbox 1543 2889 1654 2933; x_wconf 91' lang='lat' dir='ltr'>libri</span> <span class='ocrx_word' id='word_1_298' title='bbox 1684 2890 1777 2933; x_wconf 85' lang='lat' dir='ltr'><strong><em>edd</em></strong></span> 
     </span>
    </p>
   </div>
   <div class='ocr_carea' id='block_1_6' title="bbox 385 2257 501 2261">
    <p class='ocr_par' dir='ltr' id='par_1_7' title="bbox 385 2257 501 2261">
     <span class='ocr_line' id='line_1_36' title="bbox 385 2257 501 2261; baseline 0 0"><span class='ocrx_word' id='word_1_299' title='bbox 385 2257 501 2261; x_wconf 95' lang='lat' dir='ltr'><strong><em> </em></strong></span> 
     </span>
    </p>
   </div>
   <div class='ocr_carea' id='block_1_7' title="bbox 1884 587 1903 618">
    <p class='ocr_par' dir='ltr' id='par_1_8' title="bbox 1884 587 1903 618">
     <span class='ocr_line' id='line_1_37' title="bbox 1884 587 1903 618; baseline 0 0"><span class='ocrx_word' id='word_1_300' title='bbox 1884 587 1903 618; x_wconf 84' lang='lat'><strong>5</strong></span> 
     </span>
    </p>
   </div>
   <div class='ocr_carea' id='block_1_8' title="bbox 1864 1033 1906 1064">
    <p class='ocr_par' dir='ltr' id='par_1_9' title="bbox 1864 1033 1906 1064">
     <span class='ocr_line' id='line_1_38' title="bbox 1864 1033 1906 1064; baseline 0 0"><span class='ocrx_word' id='word_1_301' title='bbox 1864 1033 1906 1064; x_wconf 84' lang='lat' dir='ltr'><strong><em>lo</em></strong></span> 
     </span>
    </p>
   </div>
   <div class='ocr_carea' id='block_1_9' title="bbox 1863 1476 1904 1509">
    <p class='ocr_par' dir='ltr' id='par_1_10' title="bbox 1863 1476 1904 1509">
     <span class='ocr_line' id='line_1_39' title="bbox 1863 1476 1904 1509; baseline 0 0"><span class='ocrx_word' id='word_1_302' title='bbox 1863 1476 1904 1509; x_wconf 80' lang='lat'><strong><em>15</em></strong></span> 
     </span>
    </p>
   </div>
   <div class='ocr_carea' id='block_1_10' title="bbox 1860 1923 1904 1955">
    <p class='ocr_par' dir='ltr' id='par_1_11' title="bbox 1860 1923 1904 1955">
     <span class='ocr_line' id='line_1_40' title="bbox 1860 1923 1904 1955; baseline 0.023 -1"><span class='ocrx_word' id='word_1_303' title='bbox 1860 1923 1904 1955; x_wconf 73' lang='lat'><strong><em>20</em></strong></span> 
     </span>
    </p>
   </div>
  </div>
 </body>
</html>
