2010 3168
135 150 416 196 PARASITI
446 150 526 194 DE
557 150 796 197 DOMINO
827 150 1338 196 PHILOSOPHANTE
1372 151 1657 206 QUERELA
1726 150 1832 204 597

141 287 398 356 μουσικοὶ
436 287 538 355 τὴν
575 286 774 356 τέχνην
817 285 1074 357 πορισταὶ
1121 294 1215 356 τῆς
1263 287 1524 358 εὐπορίας
1568 289 1660 342 καὶ
1705 290 1837 350 τοὺς

135 377 470 445 ’στεφανίτας
515 375 732 443 ἀγῶνας
786 377 839 429 οἱ
885 377 1163 443 μετιόντες
1208 377 1388 429 πολλὰ
1424 377 1527 444 μὲν
1577 376 1836 430 ἐσθίουσι

139 462 230 518 καὶ
283 471 447 518 τοῦτο
501 461 617 517 ἔστι
671 465 732 517 τὸ
773 463 965 531 δέλεαρ
1020 474 1133 518 τῶν
1186 463 1470 534 ἀθλητῶν,
1526 464 1645 518 ἀλλ’
1700 465 1836 519 ὅταν

140 553 528 606 ἀποδύσωνται
581 552 673 605 καὶ
726 556 1075 621 κονίσωνται,
1128 561 1320 623 ταῦτα,
1368 551 1684 623 “Ηράκλεις,
1739 563 1836 624 τῆς

142 650 437 712 συμφορᾶς·
491 641 780 711 πράγματα
844 642 1104 712 παρέχειν
1173 641 1380 713 ἑτέροις
1447 641 1539 696 καὶ
1600 644 1835 712 μηδενὸς
1881 663 1901 697 5

138 729 551 801 παροξύνοντος
588 731 807 801 (πρὸς)
834 739 1055 785 τοιοῦτο
1096 732 1595 801 διαπληκτίζεσθαι.

252 819 301 872 9.
328 817 622 888 ’Ἐμπειρος
663 819 932 889 ἐγενόμην
969 821 1060 874 καὶ
1107 820 1274 883 αὐτὸς
1311 828 1408 890 τῆς
1453 830 1565 875 τῶν
1604 820 1836 889 ἀγαθῶν

55 915 62 923 “
140 907 356 976 λήξεως.
410 908 741 978 καινοτάτην
787 908 1097 962 ἀκούσεσθε
1142 910 1234 962 καὶ
1281 909 1383 978 οὐχ
1431 909 1555 963 οἵαν
1603 910 1632 964 ὁ
1672 912 1836 979 λόγος

138 998 481 1068 προείρηκεν.
533 997 601 1050 οὐ
651 998 856 1067 πατρὸς
903 996 1171 1067 ἐγενόμην
1216 999 1489 1052 πλουσίου
1528 997 1561 1067 ἢ
1602 991 1726 1052 οἷον
1765 1000 1835 1051 ἄν

139 1106 222 1148 τις
281 1085 566 1149 ἐπεύξαιτο
627 1087 798 1140 παῖδα
861 1089 1027 1156 ἰδεῖν,
1090 1087 1158 1140 οὐ
1219 1089 1494 1141 πλουσίαν
1547 1087 1834 1157 ἠγαγόμην
1859 1109 1902 1141 10

138 1183 396 1244 γυναῖκα,
444 1175 511 1228 οὐ
550 1176 925 1245 κληρονομίαν
964 1184 1272 1245 συγγενοῦς
1309 1175 1343 1245 ἢ
1383 1179 1554 1244 φίλου
1595 1175 1833 1240 διεδεξοέ-

138 1284 265 1333 μην,
307 1265 373 1317 οὐ
413 1273 524 1317 τῶν
564 1264 817 1333 εὐπόρων
847 1262 987 1334 <ἧν>
1019 1264 1140 1318 οὐδ’
1178 1265 1387 1330 ὁτιοῦν,
1426 1264 1518 1318 καὶ
1550 1267 1655 1335 γὰρ
1687 1266 1833 1334 ἤμην

140 1353 308 1423 ἀργὸς
346 1354 512 1421 φύσει
551 1351 653 1406 καὶ
682 1354 972 1422 δυσμαθὴς
1010 1352 1101 1407 καὶ
1139 1355 1277 1424 πρὸς
1315 1354 1376 1406 τὸ
1415 1362 1610 1407 πονεῖν
1648 1353 1835 1408 ἀνεπι-

137 1442 368 1510 τήδειος.
411 1441 494 1494 10.
528 1443 605 1505 εἰς
644 1444 841 1511 φιλίαν
880 1443 942 1496 δὲ
979 1443 1070 1496 καὶ
1104 1443 1461 1512 εὐφροσύνην
1499 1438 1570 1511 ἦν
1600 1444 1836 1512 μάλιστα
1860 1465 1902 1498 14

139 1530 374 1599 εὐφυής,
434 1531 621 1593 ἱκανὸς
655 1531 663 1600 Ι
696 1533 1237 1602 παραμυθήσασθαι,
1291 1540 1650 1601 παραγαγεῖν,
1697 1535 1819 1580 RIV
1836 1540 1921 1580 219

258 1696 284 1734 2
316 1691 487 1735 Athen.
512 1691 554 1734 X
576 1707 622 1748 p.
641 1695 726 1735 413
744 1706 771 1736 c
789 1706 856 1747 sq.
978 1696 1006 1735 4
1029 1692 1137 1736 Luc.
1162 1692 1339 1736 Anach.
1367 1696 1420 1736 31
1451 1695 1457 1749 Ι
1486 1691 1544 1736 cf.
1568 1693 1603 1736 t.
1628 1691 1671 1735 V
1695 1695 1833 1746 540‚9

258 1755 283 1793 6
315 1751 423 1794 Luc.
449 1751 627 1795 Anach.
656 1756 707 1794 11
834 1755 889 1796 10
920 1751 1113 1796 Aristid.
1145 1765 1230 1808 pro
1260 1750 1438 1796 IVviris
1468 1752 1501 1795 t.
1527 1751 1570 1794 ΙΙ
1593 1767 1637 1808 p.
1665 1755 1832 1807 202‚22

137 1809 276 1854 Dind.
402 1815 455 1853 12
490 1809 546 1854 cf.
579 1825 625 1866 p.
653 1814 754 1865 576,
773 1815 847 1865 16;
884 1814 983 1866 600,
1004 1816 1026 1854 1
1062 1813 1110 1855 et
1140 1815 1166 1854 3

258 1963 283 2002 3
316 1959 535 2014 ἀθλητῶν
560 1958 725 2014 scripsi
750 1960 939 2002 auctore
964 1957 1161 2003 Meisero
1186 1958 1289 2003 Ber.
1314 1958 1358 2002 d.
1383 1959 1519 2015 Bayr.
1546 1958 1696 2002 Akad.
1718 1962 1832 2003 1905

136 2017 179 2061 11
198 2021 280 2061 159
344 2019 542 2074 ἀγαθῶν
565 2017 674 2061 libri
700 2018 790 2062 edd
818 2020 826 2074 Ι
853 2014 951 2062 ἀλλ’
973 2018 1139 2074 scripsi
1199 2018 1279 2062 καὶ
1302 2017 1412 2062 libri
1436 2019 1519 2062 sed
1542 2032 1642 2063 eras
1660 2018 1710 2061 in
1728 2019 1831 2072 Ma,

138 2076 250 2120 Ferr
311 2090 387 2119 om
402 2075 504 2119 Mor
520 2076 590 2120 Re
614 2077 695 2120 sed
716 2078 824 2135 „le9.
848 2078 1029 2122 videtur
1052 2074 1152 2121 ἀλλ’
1181 2077 1294 2123 ὅταν
1318 2079 1385 2122 vel
1409 2074 1522 2122 ὅταν
1547 2074 1623 2121 6⁹⁶⁴
1646 2077 1713 2121 Re

138 2141 164 2179 4
196 2134 366 2190 ταύτης
391 2136 612 2180 HLaMa
638 2136 645 2193 Ι
671 2137 772 2194 τῆς]
803 2135 1030 2194 μεγάληςῖ
1151 2141 1177 2180 5
1209 2137 1289 2180 καὶ
1321 2138 1430 2181 ante
1460 2137 1709 2193 πράγματα
1743 2137 1833 2181 Ma

260 2198 284 2237 6
308 2193 658 2250 παροξύναντος
676 2197 766 2240 Μα
793 2198 800 2251 Ι
826 2195 943 2250 πρὸς
965 2202 1149 2240 τοιοῦτο
1164 2195 1333 2253 scripsi
1392 2196 1608 2240 τοιούτου
1624 2194 1733 2238 libri
1750 2195 1832 2239 sed

140 2253 217 2297 del
244 2254 346 2306 Ma,
381 2253 472 2297 edd
531 2260 726 2298 τοιαῦτα
760 2255 864 2299 coni
888 2254 1052 2299 Iacobs
1076 2255 1189 2299 Lect
1212 2260 1269 2299 98
1329 2262 1523 2300 τοσοῦτο
1556 2253 1714 2299 Gasda

141 2316 164 2355 ⁷
198 2313 321 2357 Ante
343 2309 595 2368 ’Ἐμπειρος
626 2314 923 2358 enuntiatum
955 2314 1094 2369 quale
1126 2315 1168 2359 εἰ
1198 2313 1252 2359 δέ
1281 2312 1328 2372 μ’
1360 2314 1573 2371 ἐρωτᾶτε,
1605 2312 1712 2358 οἵαν
1744 2312 1832 2370 ἐγὼ

140 2371 254 2416 ὁδὸν
278 2371 505 2430 βεβάδικα
538 2371 764 2417 excidisse
797 2373 902 2417 coni
927 2372 1085 2417 Gasda,
1204 2377 1231 2418 8
1263 2372 1517 2429 κενοτάτην
1542 2372 1832 2417 ἀκούσεσθαι

139 2431 198 2475 Η
311 2435 336 2474 9
378 2427 480 2475 οἷον
519 2431 685 2487 scripsi
725 2431 816 2476 coll
859 2432 1049 2476 Aristid.
1083 2432 1169 2476 1.1.
1250 2431 1364 2477 οἴων
1395 2433 1450 2476 Η
1459 2433 1624 2477 VGMa
1666 2431 1758 2476 edd

140 2488 251 2533 οἴων
277 2491 352 2534 La
384 2489 464 2533 sed
497 2489 545 2532 in
577 2505 651 2534 ras
683 2504 737 2535 ex
770 2489 888 2547 οἷον,
918 2493 973 2535 ub
1002 2491 1200 2546 videtur,
1233 2505 1336 2536 corr
1364 2507 1398 2536 n
1474 2490 1576 2536 οἴου
1608 2492 1656 2534 ef,
1686 2490 1831 2534 ἀπεύ-

140 2549 268 2602 ξαιτο
309 2548 413 2593 coni
444 2548 546 2592 Mor
577 2549 672 2594 Not
702 2550 763 2594 ad
795 2550 881 2595 Lib
912 2551 935 2594 f
953 2550 1017 2595 VI
1162 2555 1217 2595 10
1257 2550 1498 2603 ἐπεύξαιτο
1525 2551 1614 2594 Μα
1654 2549 1735 2593 sed
1774 2549 1832 2594 ἐπ

140 2622 195 2651 ex
226 2607 292 2651 ὑπ
324 2620 424 2651 corr
457 2607 525 2651 ω’
646 2614 698 2653 11
734 2617 935 2667 γυναῖκα
967 2609 1093 2654 inser
1118 2609 1230 2654 Ma²
1363 2615 1416 2653 12
1451 2610 1505 2653 οὐ
1537 2610 1587 2652 in
1616 2622 1693 2652 ras
1719 2607 1833 2653 Μετ’

144 2666 150 2724 Ι
184 2664 397 2723 ἐμπόρων
430 2667 598 2712 LaMa
628 2671 677 2712 et
707 2669 812 2712 coni
843 2669 911 2713 Re
989 2669 1371 2744 ἐμπορευομένων
1400 2668 1475 2712 vel
1506 2668 1832 2722 εὐπορούντων

140 2727 529 2782 (procurantium)
559 2726 722 2772 Iacobs
746 2728 859 2772 Lect
882 2732 938 2772 99
967 2730 974 2784 Ι
1001 2744 1060 2784 ην
1082 2728 1257 2772 inserui
1281 2730 1470 2771 auctore
1493 2727 1560 2770 Re
1623 2740 1698 2770 om
1722 2726 1831 2770 libri

140 2784 231 2827 edd
258 2789 266 2841 Ι
293 2781 540 2829 οὐὸοτιοῦν
558 2786 633 2830 La
694 2785 802 2832 οὐδὲ
826 2794 918 2831 τῶν
941 2794 1115 2846 τεχνῶν
1145 2786 1422 2841 ἐπετήδευον
1454 2786 1701 2830 οὐδοτιοῦν
1725 2785 1830 2828 coni

140 2842 207 2887 Re
330 2848 384 2887 13
416 2851 570 2889 ποιεῖν
593 2845 668 2889 La
791 2851 846 2890 14
879 2846 937 2903 δὴ
963 2847 1131 2893 LaMa
1162 2846 1243 2890 sed
1266 2845 1315 2888 in
1346 2845 1434 2889 hoc
1457 2862 1486 2901 η
1510 2844 1560 2887 in
1585 2860 1605 2888 ε
1630 2857 1731 2888 corr
1761 2844 1832 2887 m²

262 2907 315 2945 15
348 2902 580 2953 ἱκανὸς-
599 2907 736 2957 598,4
763 2906 1030 2963 σκώμματα]
1059 2906 1262 2962 „videtur
1292 2906 1364 2949 hic
1395 2906 1517 2949 locus
1546 2904 1727 2948 scholiis
1756 2904 1830 2948 in-

140 2962 358 3016 quinatus
382 2967 424 3006 et
445 2963 562 3007 male
585 2962 847 3018 distinctus,
871 2965 1036 3020 quibus
1057 2965 1250 3009 sublatis
1272 2963 1526 3020 expeditius
1550 2964 1725 3020 legatur
1742 2964 1831 3007 sic:
