2010 3168
586 61 918 107 INVECTIVA
948 60 1014 104 IN
1045 59 1397 105 AESCHINEM
1728 59 1832 112 199

141 201 286 252 πολὺ
325 206 426 252 τοῦ
466 199 877 267 Παρμενίωνος.
917 196 945 250 ὁ
985 194 1088 266 μὲν
1126 196 1231 265 γὰρ
1273 196 1374 249 οὐκ
1405 195 1476 249 ἂν
1513 198 1701 249 πείθοι
1743 195 1832 266 ῥα-

144 288 278 350 δίως
316 288 549 356 δεσπότῃ
588 288 907 356 χαρίζεσθαι
946 286 1150 338 δοκῶν·
1190 284 1324 338 ὅταν
1362 283 1429 338 δέ
1461 304 1544 348 τις
1582 284 1688 338 ἀπὸ
1720 294 1831 337 τῶν

143 374 489 445 ἠδικημένων
550 381 624 447 τῷ
681 376 1007 443 λελυπηκότι
1070 374 1414 443 συμπράττῃ,
1475 375 1541 427 τὰ
1602 372 1831 442 μέγιστα

140 464 393 532 ὀνήσειεν
432 462 501 516 ἂν
540 463 642 516 οὐκ
686 464 856 532 οὔσης
907 462 1150 526 ὑποψίας
1202 471 1315 515 τῶν
1368 464 1565 530 λόγων.
1633 461 1716 514 13.
1757 462 1831 525 ὡς

138 548 244 606 οὖν
287 548 420 620 ἧκεν
466 548 628 615 οὗτος
674 553 767 605 διὰ
817 550 1058 604 Φωκέων
1105 553 1314 621 χαίρων
1366 549 1458 603 καὶ
1512 552 1642 613 τοὺς
1688 551 1829 619 ίερο-
1876 573 1895 604 5

139 643 421 710 μνήμονας
458 642 549 694 καὶ
588 643 686 694 τὸν
730 643 1013 694 Φίλιππον
1053 634 1181 708 εἶδε,
1220 648 1336 703 τοῖς
1374 639 1499 708 μέν,
1542 640 1614 702 ὡς
1665 641 1828 708 εἰκός,

138 728 442 793 ἐνεδείξατο
483 729 790 783 δεδοικέναι
829 731 927 783 τὸν
965 731 1288 799 ἄνθρωπον,
1328 729 1491 797 ὅπως,
1531 734 1587 781 εἴ
1616 748 1700 791 τις
1737 729 1827 782 καὶ

136 823 368 887 θαρρῶν
409 819 730 888 ἐτύγχανεν,
776 817 1126 888 ἐκπλήττοιτο
1173 819 1262 871 καὶ
1310 820 1648 888 συγχωροίη,
1689 818 1828 887 πρὸς

134 907 197 959 δὲ
244 907 415 961 αὐτὸν
470 907 742 976 διελέγετο
796 907 887 960 καὶ
940 911 1263 960 συνετίθετο
1318 908 1374 960 τί
1425 908 1510 960 δεῖ
1562 905 1826 975 γενέσθαι

133 996 225 1048 καὶ
264 999 345 1059 τίς
384 996 412 1050 ὁ
452 997 666 1049 τούτων
704 999 920 1066 μισθός.
966 1004 1067 1050 τοῦ
1107 995 1181 1064 δ’,
1222 996 1296 1059 ὡς
1335 997 1504 1064 εἰκός,
1545 998 1825 1066 φήσαντος
1851 1018 1893 1048 10

131 1087 395 1138 πλουτεῖν
431 1084 522 1138 καὶ
563 1086 780 1139 διδόναι
817 1087 822 1155 Ι
860 1086 1141 1139 δύνασθαι
1177 1086 1245 1138 τὰ
1276 1086 1440 1139 λοιπὰ
1472 1085 1646 1147 οὕτως
1691 1089 1913 1133 RIH402

131 1173 207 1236 ὡς
261 1176 480 1240 ἔμελλεν
534 1174 723 1246 ἐκείνῳ
779 1176 1064 1228 συνοίσειν
1118 1176 1415 1228 συνετίθει.
1481 1174 1564 1227 14.
1616 1175 1669 1227 οἱ
1723 1171 1825 1243 μὲν

131 1259 238 1316 οὖν
284 1265 489 1326 εἰδότες
543 1263 781 1334 ἀκριβῶς
830 1265 1102 1333 Αἰσχίνην
1148 1262 1239 1317 καὶ
1285 1264 1391 1333 πρὸ
1446 1272 1558 1316 τῶν
1618 1265 1824 1332 ψήφων

131 1351 482 1421 ἀμφικτύονα
519 1354 616 1406 τὸν
653 1356 932 1406 Φίλιππον
973 1352 1226 1421 ἐκάλουν,
1259 1355 1514 1421 ποιήσειν
1553 1353 1656 1420 γὰρ
1696 1359 1823 1404 τοῦ-

129 1460 229 1493 τον
269 1441 298 1494 ὃ
337 1442 647 1511 πεποίηκεν,
688 1443 740 1495 οἱ
780 1442 843 1495 δὲ
881 1451 956 1514 τῷ
988 1450 1082 1510 τῆς
1113 1445 1322 1504 πόλεως
1351 1442 1483 1509 ἤθει
1513 1442 1612 1494 τὸν
1649 1445 1821 1493 πυλα-
1847 1461 1888 1494 15

130 1531 306 1599 γόραν
358 1532 645 1600 κρίναντες
697 1532 926 1599 μάτην,
981 1528 1253 1600 ἔφασκον,
1309 1528 1538 1584 οὑτοσὶ
1588 1531 1821 1583 Φίλιπ-

126 1636 245 1681 πος
305 1619 573 1672 ἅπτεται
611 1627 721 1688 τῆς
774 1627 890 1673 τοῦ
937 1620 1296 1688 συνεδρίου
1357 1621 1724 1682 κοινωνίας.
1791 1618 1820 1672 ὁ

129 1708 248 1777 γὰρ
289 1707 405 1760 οὐκ
446 1707 652 1761 ἐάσων
692 1707 822 1762 οὐδ’
865 1707 1258 1779 ἐπιτρέψων,
1298 1706 1434 1761 ἀλλ’
1478 1707 1820 1778 ἀντικρού-

127 1809 260 1848 σων
297 1795 402 1848 καὶ
446 1798 874 1850 διακωλύσων
912 1800 1072 1860 τοὺς
1110 1794 1584 1866 τῶνἙλλήνων
1623 1796 1821 1867 ἁμαρ-

128 1885 446 1948 τάνοντας
521 1887 822 1955 πλησίον,
901 1886 1062 1956 ἀνὴρ
1132 1885 1496 1954 Ἀθηναῖος,
1572 1888 1819 1949 πόλεως
1843 1907 1885 1938 20

128 1973 509 2041 ἐλευθέρας,
555 1973 920 2044 κηδομένης
964 1983 1078 2028 τοῦ
1127 1973 1382 2043 γένους,
1429 1976 1497 2027 τὸ
1545 1982 1654 2043 τῆς
1686 1973 1818 2027 Ἑλ-

247 2124 269 2161 1
304 2118 434 2164 Dem.
467 2119 572 2163 fals.
605 2119 695 2177 leg.
728 2136 772 2176 p.
800 2124 900 2176 362,
919 2125 974 2163 29
1098 2125 1123 2163 2
1156 2121 1287 2164 Dem.
1321 2134 1413 2164 cor.
1445 2134 1490 2176 p.
1522 2124 1621 2174 276,
1641 2125 1694 2163 21

128 2183 181 2220 15
214 2178 343 2222 Dem.
370 2179 500 2236 Lept.
526 2195 570 2236 p.
597 2183 697 2233 460,
717 2184 771 2222 28
791 2194 879 2235 sq.;
914 2184 1012 2234 753,
1034 2185 1088 2224 10
1210 2185 1266 2223 20
1297 2179 1426 2224 Dem.
1453 2193 1544 2223 cor.
1570 2195 1614 2236 p.
1640 2184 1814 2235 276‚25

244 2316 271 2354 4
297 2311 503 2367 ὀνήσειεν
521 2312 685 2368 scripsi
747 2312 924 2369 ὤνησεν
941 2312 1052 2356 libri
1069 2313 1160 2357 edd
1281 2317 1306 2355 6
1339 2308 1484 2357 εἶδεν·
1501 2313 1559 2356 H
1580 2315 1587 2369 Ι
1615 2313 1677 2363 ὡς
1693 2311 1815 2364 εἰκός

122 2370 311 2426 reposui
336 2385 362 2416 e
384 2371 517 2415 libris
579 2372 640 2421 ὡς
671 2371 712 2416 εἰ
743 2372 834 2415 edd
955 2376 980 2415 9
1013 2371 1281 2416 συνετίθετο
1314 2372 1479 2428 scripsi
1518 2374 1707 2416 auctore
1745 2373 1813 2416 Re

185 2427 487 2474 συνεπείθετο
512 2431 655 2475 ΗΜα
716 2430 963 2476 συνέπειθε
993 2431 1046 2476 τὸ
1065 2433 1205 2476 AthP
1234 2430 1326 2475 edd
1448 2435 1502 2475 10
1532 2438 1615 2476 τοῦ
1649 2429 1695 2475 δ’
1725 2433 1811 2475 Μα

125 2488 207 2532 sed
230 2495 258 2532 ὓ
284 2490 312 2532 δ
336 2488 383 2532 in
408 2503 482 2533 ras
507 2489 578 2532 m²
706 2495 758 2533 11
785 2488 973 2535 διδόναι
993 2492 1082 2535 Ma
1105 2490 1187 2534 sed
1211 2507 1228 2534 ι
1254 2491 1301 2534 et
1324 2506 1349 2534 ο
1373 2491 1423 2534 in
1447 2503 1521 2534 ras
1537 2490 1608 2533 m'
1634 2493 1640 2545 Ι
1668 2489 1814 2541 οὕτως

122 2546 225 2590 Mor
263 2548 343 2591 sed
383 2566 438 2605 γρ
472 2546 606 2600 οὗτος
636 2549 685 2592 in
715 2564 849 2606 marg
971 2554 1026 2594 14
1058 2548 1354 2606 ἀμφικτυόνα
1378 2550 1579 2594 AthPH
1603 2549 1694 2593 edd

126 2611 179 2649 15
206 2605 260 2650 ὃν
284 2606 498 2664 ἐποίησεν
514 2608 659 2653 ΗΜα
782 2613 834 2652 16
861 2608 1018 2653 οὑτοσὶ
1035 2608 1200 2665 scripsi
1217 2622 1272 2652 ex
1289 2609 1443 2653 AthH
1461 2623 1565 2652 cum
1587 2608 1655 2653 Re
1671 2609 1811 2652 Anim

183 2682 348 2739 οὑτὸσὶ
365 2698 412 2741 Ρ
466 2697 631 2741 οὑτωσὶ
649 2697 738 2741 Μα
799 2693 935 2747 οὗτος
957 2695 1010 2740 δὲ
1033 2696 1123 2740 edd
1148 2696 1230 2740 sed
1254 2695 1307 2742 δὲ
1331 2696 1608 2741 cancellavit.
1624 2697 1692 2740 Re

125 2758 179 2795 17
206 2753 250 2811 ὁ]
268 2755 323 2798 οὐ
341 2755 436 2799 Ath
558 2759 611 2798 18
629 2756 739 2800 οὐδὲ
749 2756 988 2800 AthHMa
1110 2761 1163 2799 19
1181 2756 1399 2800 κωλύσων
1410 2757 1498 2800 Μα
1618 2760 1675 2800 20
1699 2758 1809 2811 πλη-

122 2809 226 2863 σίον
240 2813 428 2869 reposui
451 2826 476 2857 e
507 2813 654 2870 libris,
686 2817 740 2858 ut
771 2815 876 2858 coni
899 2815 967 2859 Re
991 2817 1040 2859 ot
1064 2814 1262 2859 Cobetus
1288 2813 1387 2859 coll
1411 2820 1497 2858 272
1522 2814 1639 2859 Misc
1665 2820 1748 2858 143

122 2868 320 2922 πλέονας
332 2873 424 2915 edd
437 2873 519 2917 sed
535 2873 812 2917 cancellavit
825 2876 872 2917 eb
883 2873 1069 2928 πλήττει
1083 2873 1187 2917 coni
1196 2874 1298 2917 Mor
1388 2878 1442 2917 21
1454 2871 1709 2930 κηδόμενος
1721 2874 1806 2918 Μα
