2010 3168
537 85 825 130 INVECTIV
827 85 868 128 A
900 84 967 128 IN
997 83 1350 130 AESCHINEM
1678 83 1787 137 203

92 220 337 274 δεδιέναι
384 222 684 289 λεγόντων,
731 219 936 273 εἰδέναι
982 221 1087 290 γὰρ
1133 221 1195 274 τὸ
1249 218 1636 289 πεπραγμένον
1687 220 1789 273 οὐκ

92 309 343 377 ἀνεκτόν,
374 313 658 380 καταγελᾷ.
714 309 800 362 20.
836 309 928 361 καὶ
958 310 1122 362 τοῦτό
1153 329 1215 377 γε
1246 310 1482 377 εἰκότως,
1515 305 1557 362 ὦ
1591 310 1790 378 ἄνδρες

99 396 403 467 Ἀθηναῖοι,
450 399 704 452 τοιοῦτόν
752 397 916 451 ἐστιν.
971 397 1106 450 ὅταν
1151 398 1255 465 γάρ
1302 418 1386 460 τις
1432 396 1637 451 ἐνθάδε
1686 400 1791 461 ζῶν

92 488 166 555 μὴ
207 492 281 559 τῷ
314 488 449 540 κατὰ
487 489 618 550 τοὺς
656 489 865 556 νόμους
905 490 1015 556 ζῆν,
1057 485 1172 539 ἀλλ’
1212 485 1271 540 ἐκ
1309 495 1405 555 τῆς
1440 496 1550 539 τῶν
1589 487 1789 555 τυράν-

94 595 208 628 νων
256 578 444 645 φιλίας
477 578 579 645 τὴν
618 575 925 645 ἀσφάλειαν
961 573 1075 646 ἔχῃ,
1114 575 1302 645 μέχρις
1341 574 1411 628 ἂν
1451 575 1681 638 ἐκείνοις
1725 571 1785 628 εὖ

90 664 353 732 πράττειν
405 664 647 735 ὑπάρχῃ,
701 665 793 718 καὶ
846 665 1065 727 τούτοις
1119 667 1202 718 ἔνι
1257 658 1510 734 θαρρεῖν.
1565 671 1789 717 ποιοῦσι

88 755 288 805 τοίνυν
339 752 450 820 μετ’
513 751 737 807 ἐκείνων
792 745 875 816 οἷς
927 753 1266 823 ὑπηρετοῦσι
1323 754 1415 806 καὶ
1476 755 1542 805 τὰ
1604 753 1788 806 αὑτῶν

87 844 248 908 μείζω
288 851 400 894 τῶν
438 844 639 908 νόμων.
693 842 779 895 21.
820 842 963 895 οὕτω
1008 845 1206 896 τοίνυν
1244 841 1358 895 ἐστὶ
1397 844 1614 911 θρασὺς
1655 840 1783 894 ὥστ’

90 929 231 983 οὐδέ
266 946 439 999 φησιν
478 930 707 984 ἀδικεϊν-
730 928 898 984 οὐδὲν
936 931 1091 998 ὑμᾶς.
1132 930 1259 984 οὔτε
1299 932 1403 1001 γὰρ
1448 932 1612 984 πόλιν
1652 931 1783 1000 σύμα

86 1039 266 1088 μαχον
304 1019 461 1087 ὑμῶν
500 1019 924 1090 ἀπεστερηκέναι
972 1020 1101 1072 οὔτε
1147 1020 1331 1089 χώραν
1378 1020 1506 1073 οὔτε
1546 1018 1787 1089 λιμένας,

88 1108 158 1161 οὐ
197 1110 535 1178 προσόδους,
576 1109 643 1162 οὐ
683 1117 885 1179 τεῖχος,
934 1107 1052 1161 ἀλλ’
1099 1107 1220 1162 οὐδ’
1266 1107 1654 1177 ἐκβεβληκέναι
1692 1116 1788 1176 τῆς

87 1196 494 1266 ἀμφικτυονίας
531 1198 633 1266 τὴν
670 1200 835 1251 πόλιν
874 1195 995 1251 οὐδ’
1043 1197 1183 1260 ὅλως
1230 1198 1398 1251 οὐδὲν
1447 1199 1514 1251 τὰ
1553 1197 1787 1268 ὑμέτερα

89 1285 293 1338 ἐλάττω
334 1286 704 1354 πεποιηκέναι.
751 1287 837 1340 22.
878 1286 1189 1356 ἐβουλόμην
1235 1286 1416 1355 ἀληθῆ
1460 1301 1548 1340 σοι
1587 1294 1789 1340 τοῦτον

87 1368 232 1427 εἶναι
272 1375 371 1427 τὸν
409 1377 594 1443 λόγον,
634 1377 891 1444 Αἰσχίνη,
930 1375 1021 1428 καὶ
1059 1375 1233 1444 μηδὲν
1271 1386 1460 1446 χεῖρον
1497 1373 1646 1444 ἔχειν
1675 1385 1787 1429 τῶν

90 1461 368 1532 ἡμετέρων
414 1463 519 1517 ἀπὸ
566 1472 664 1532 τῆς
711 1472 810 1534 σῆς
855 1466 1144 1528 πολιτείας.
1200 1464 1343 1518 οὕτω
1391 1465 1496 1534 γὰρ
1544 1463 1614 1516 ἂν
1654 1462 1786 1517 ἐσώ-

89 1555 205 1617 ζετο
244 1551 347 1621 μέν
377 1573 470 1622 μοι
506 1551 694 1625 Θρᾴκη
726 1552 817 1606 καὶ
850 1552 1286 1623 Κερσοβλέπτης,
1324 1554 1606 1623 σύμμαχος
1644 1553 1785 1622 ἀνὴρ

87 1640 181 1694 καὶ
220 1645 399 1711 φίλος,
440 1641 707 1707 ἐσώζοντο
749 1639 798 1695 δ’
839 1642 908 1696 ἂν
940 1644 993 1695 οἱ
1038 1643 1296 1711 Θηβαίων
1327 1641 1617 1695 ἀντίπαλοι
1666 1645 1786 1695 Φω-

87 1739 217 1799 κεῖς,
257 1729 347 1783 καὶ
386 1733 564 1784 πολλὰ
603 1734 750 1800 τείχη
792 1730 883 1784 καὶ
923 1732 1065 1785 ὅπλα
1102 1731 1192 1784 καὶ
1233 1731 1454 1800 σώματα
1492 1732 1581 1784 καὶ
1620 1733 1786 1794 τόπος

86 1820 334 1888 μεγάλην
374 1819 563 1890 φέρων
602 1821 794 1891 ῥοπήν.
834 1827 942 1873 νῦν
982 1817 1042 1873 δὲ
1081 1819 1186 1873 κᾶν
1216 1819 1335 1890 τρὶς
1367 1819 1672 1890 ἀποθάνῃς,
1704 1817 1779 1872 ἔτ’

87 1908 335 1977 ὀφείλεις
374 1910 550 1978 δίκην.

211 2073 264 2112 16
296 2069 426 2114 Dem.
460 2070 580 2113 Phil.
605 2070 669 2114 IV
701 2074 725 2123 ξ
755 2075 780 2114 8
814 2085 858 2126 p.
889 2074 1061 2126 133,19
1187 2074 1240 2113 19
1274 2069 1402 2114 Dem.
1436 2085 1480 2126 p.
1508 2073 1622 2123 99‚5

209 2222 236 2260 4
268 2218 319 2261 τὸ
348 2219 436 2262 Μα
486 2219 492 2275 Ι
540 2225 632 2262 τῶν
662 2215 907 2272 τυράννων
939 2217 1103 2274 scripsi
1135 2230 1190 2262 ex
1213 2218 1379 2271 ΗΜα,
1419 2220 1473 2261 ut
1505 2217 1610 2261 coni
1642 2218 1709 2261 Re

503 2284 597 2321 τῶν
626 2276 870 2331 τυράννων

88 2335 332 2390 τυράννων
356 2336 451 2381 Ath
511 2335 746 2391 τυράννου
771 2338 817 2380 Ρ
872 2343 955 2380 τοῦ
980 2334 1215 2391 τυράννου
1241 2335 1332 2380 edd
1454 2340 1479 2379 5
1513 2335 1593 2394 ἔχῃ
1619 2335 1784 2392 scripsi

88 2407 115 2437 e
142 2395 232 2439 Ma
263 2395 345 2438 sed
377 2413 404 2452 η
437 2396 487 2439 in
526 2410 600 2439 ras
632 2395 716 2450 ιη’,
757 2409 862 2439 cum
893 2395 1102 2439 Iacobsio
1141 2395 1256 2439 Lect
1280 2400 1364 2439 213
1405 2395 1503 2438 Rev
1526 2399 1612 2438 426
1691 2395 1783 2452 ἔχει

87 2483 146 2526 Η
203 2470 298 2540 ἔχείι
325 2485 372 2528 Ρ
430 2483 477 2541 ἔχ
480 2500 525 2528 οι
547 2485 642 2528 Ath
666 2484 757 2527 edd
878 2488 903 2526 6
936 2483 1120 2558 ὑπάρχῃ
1155 2483 1318 2540 scripsi
1351 2497 1406 2526 ex
1429 2484 1572 2528 HMa
1633 2483 1783 2537 ὑπάρ-

90 2558 164 2598 χοι
187 2544 330 2588 AthP
350 2543 441 2587 edd
469 2546 474 2599 Ι
502 2543 683 2595 τούτοις
705 2542 807 2587 Mor
838 2543 922 2587 sed
952 2560 1007 2600 γρ
1041 2542 1184 2601 τούτῳ
1209 2543 1258 2585 in
1281 2557 1417 2600 marg
1475 2543 1668 2594 τούτους
1693 2544 1783 2587 Μα

210 2606 234 2644 7
268 2603 547 2659 ὑπηρετοῦσι
570 2603 755 2658 reposui
780 2616 805 2646 e
829 2602 961 2645 libris
1022 2590 1284 2657 ὑπηρέτουν
1316 2602 1407 2645 edd
1435 2603 1440 2657 Ι
1469 2602 1549 2645 καὶ
1572 2601 1646 2660 τὰ]
1673 2599 1777 2645 κατ’

92 2660 144 2703 Η
169 2662 175 2716 Ι
203 2661 357 2705 αὐτῶν
382 2661 449 2705 Re
512 2661 666 2705 αὐτων
689 2660 800 2705 libri
822 2661 925 2706 Mor
1045 2665 1071 2705 8
1105 2659 1269 2717 μείζων
1293 2662 1351 2705 Η
1372 2663 1378 2716 Ι
1407 2667 1493 2705 νῦν
1520 2662 1609 2706 Ma
1635 2664 1641 2717 Ι
1670 2659 1782 2704 ὥστε

90 2718 182 2761 edd
306 2725 360 2763 10
391 2720 521 2777 ὑμῶν
548 2720 716 2792 scripsi
747 2734 803 2764 ex
826 2721 1067 2765 AthHMa
1127 2720 1258 2776 ἡμῶν
1282 2721 1328 2764 Ρ
1355 2719 1447 2763 edd
1586 2724 1637 2763 11
1673 2719 1782 2764 ουδὲ

91 2778 235 2822 ΗΜα
358 2783 411 2822 12
445 2776 649 2829 οὐδόλως
672 2780 860 2824 ΡΗΜα
920 2779 1000 2822 καὶ
1034 2775 1146 2829 ὅλως
1169 2779 1236 2822 Re
1265 2779 1270 2835 Ι
1300 2779 1354 2822 οὐ
1379 2781 1484 2835 post
1509 2778 1649 2823 οὐδὲν
1671 2778 1781 2822 libri

91 2834 194 2879 Mor
255 2837 531 2940 cangellavit
561 2838 629 2881 Re
657 2840 663 2894 Ι
691 2837 888 2894 ἡμέτερα
914 2840 959 2882 Ρ
986 2837 1088 2882 Mor
1211 2843 1264 2881 15
1297 2838 1348 2882 τὸ
1381 2841 1488 2894 post
1519 2838 1705 2890 ἐσώζετο
1731 2838 1788 2881 Η

214 2900 266 2938 16
300 2913 330 2952 μ
357 2913 383 2938 ν
414 2910 490 2939 om
520 2896 588 2941 Re

1814 1042 1855 1074 20

1812 1486 1854 1519 15

1810 1931 1852 1963 20
