2010 3168
383 114 613 161 MOROSI
643 114 722 159 DE
754 113 960 159 UXORE
996 113 1257 167 LOQUACI
1289 113 1572 168 QUERELA
1693 115 1802 168 535

119 267 220 307 σοι
259 261 584 322 χαριεῖται
626 247 779 304 οὐδὲ
818 251 977 320 πρὸς
1015 252 1084 304 τὸ
1126 251 1243 304 σὸν
1280 246 1445 319 ἦθος
1486 252 1601 304 τὸν
1640 248 1802 304 ἐκεί-

117 362 229 411 νης
289 332 861 410 καταστησάμενος
922 341 1182 410 τρόπον.
1246 338 1440 410 ἐχρῆν
1498 336 1566 393 δὲ
1621 340 1804 393 διδά-

117 446 325 499 σκειν,
355 437 731 500 παραινεῖν,
756 434 1123 483 νουθετεῖν.
1155 429 1246 482 καὶ
1270 430 1353 492 τίς
1377 429 1549 492 οὕτως
1573 427 1805 498 ἀνόητος

117 521 189 583 ὡς
226 521 297 590 μὴ
337 519 398 573 τὸ
439 520 734 588 πρόχειρον
773 525 935 572 τοῦτο
972 517 1062 571 καὶ
1096 518 1237 571 ἰδεῖν
1266 518 1357 571 καὶ
1388 526 1634 588 ποιῆσαι;
1672 518 1805 586 μίαν

115 610 219 678 γὰρ
273 607 480 678 ἡμέραν
535 608 602 661 οὐ
657 605 932 676 διέλιπον,
986 606 1160 677 ὥραν,
1211 606 1494 676 ἡμιώριον.
1555 611 1804 678 νόσημα

114 706 307 752 τοῦτο
346 695 551 765 ἔστιν,
599 699 813 765 ἔλεγον,
853 692 894 749 ὦ
941 696 1162 764 γύναι,
1208 694 1454 764 γέλωτα
1500 695 1804 767 παρέχεις

114 797 251 850 τοῖς
297 789 603 856 γείτοσιν.
660 785 727 839 ἐν
774 784 1020 839 ὀνείδει
1066 805 1174 852 μοι
1220 784 1632 856 προφέρουσι
1687 787 1803 855 τὴν

116 877 235 945 σὴν
281 878 628 945 φλυαρίαν.
676 873 994 944 ἐλευθέρα
1040 871 1165 944 φῂς
1211 868 1396 928 εἶναι.
1444 875 1524 944 μὴ
1571 877 1804 929 τοίνυν

114 973 352 1034 πρᾶττε
406 971 519 1017 τοῦ
575 962 811 1032 γένους
864 962 1109 1027 ἀνάξια.
1162 966 1437 1033 μίμησαι
1490 963 1605 1016 τὸν
1652 963 1805 1034 ἐμὸν

115 1056 374 1125 τρόπον.
428 1053 707 1123 ἡσύχιον
760 1052 969 1106 διώκω
1017 1055 1179 1123 βίον.
1236 1049 1426 1117 οὗτος
1485 1052 1803 1123 ἀρεσκέτω

114 1141 220 1197 καὶ
274 1145 392 1196 σοί,
455 1143 540 1195 39.
581 1150 750 1195 ταῦτα
806 1140 982 1210 λέγων
1030 1143 1109 1205 εἰς
1154 1141 1354 1211 πέτρας
1401 1145 1683 1211 ἔσπειρον,
1738 1142 1805 1196 οὐ

116 1234 219 1302 γὰρ
274 1231 501 1285 κατέλυε
547 1232 646 1284 τὸν
693 1233 884 1301 νόμον,
923 1229 1039 1284 ἀλλ’
1096 1229 1427 1301 ἀμειβομένη
1474 1240 1585 1284 τῶν
1624 1234 1806 1300 λόγων

114 1319 383 1391 κατέσυρέ
424 1340 490 1388 με
536 1329 610 1392 τῷ
654 1319 897 1390 ῥεύματι.
945 1322 1115 1388 γνοὺς
1161 1317 1222 1374 δὲ
1269 1320 1353 1374 ὅτι
1400 1340 1493 1390 μοι
1540 1321 1625 1374 δεῖ
1671 1335 1807 1390 συμ-

36 1429 81 1491 7(
114 1411 302 1480 μάχων
347 1408 725 1480 παρακαλέσας
772 1411 902 1473 τοὺς
956 1413 1270 1480 γνωρίμους
1317 1411 1610 1479 εἰσήγαγον
1657 1408 1806 1464 ε’παί-

114 1519 249 1562 νους
303 1506 462 1568 σιγῆς
516 1501 967 1569 μεμελετηκότας,
1017 1498 1050 1568 ἡ
1091 1495 1152 1552 δὲ
1205 1499 1342 1552 κατὰ
1393 1501 1524 1562 τοὺς
1577 1498 1637 1553 ἐν
1690 1507 1807 1562 τοῖς

236 1724 290 1764 10
316 1719 372 1764 cf.
393 1722 426 1764 t.
446 1720 487 1764 V
510 1725 647 1773 143,8
770 1725 822 1764 11
859 1720 916 1764 cf.
941 1722 975 1764 t.
992 1721 1014 1764 I
1030 1725 1181 1772 253,3.
1215 1719 1333 1763 Plat.
1350 1719 1441 1778 leg.
1459 1719 1565 1763 VIII
1588 1735 1632 1777 p.
1651 1723 1737 1764 838
1755 1719 1805 1763 E.

117 1780 224 1823 Luc.
258 1795 345 1823 am.
373 1784 442 1823 20.
475 1779 667 1823 Aristid.
699 1794 783 1836 pro
807 1779 870 1824 IV
902 1779 1010 1824 viris
1043 1782 1076 1824 t.
1101 1780 1144 1823 II
1168 1795 1212 1836 p.
1240 1784 1339 1835 302,
1360 1785 1414 1824 14
1442 1780 1512 1824 ed.
1547 1779 1683 1823 Dind.
1709 1779 1808 1835 (τὰς

116 1853 218 1883 corr
249 1839 299 1883 in
332 1839 426 1896 εἰς).
458 1839 517 1883 cf.
549 1839 790 1883 Leutschii
820 1842 980 1884 notam
1013 1840 1071 1883 ad
1098 1839 1294 1898 Diogen.
1325 1853 1450 1896 prov.
1483 1839 1545 1883 ΠΙ
1578 1843 1646 1882 71.
1681 1838 1807 1882 Salz-

113 1912 279 2002 ἒιῖωιη,
318 1898 651 1955 Spriohwbrber
689 1898 765 1942 bei
804 1898 1026 1944 Libanios
1065 1914 1109 1955 p.
1144 1903 1198 1942 92
1346 1903 1399 1942 13
1440 1898 1497 1943 cf.
1530 1898 1608 1943 {21
1639 1902 1806 1954 483‚1;

238 2170 257 2208 1
293 2162 410 2219 πρὸς
435 2192 488 2198 -
516 2170 540 2208 2
570 2164 746 2221 τρόπον
772 2166 889 2210 citat
913 2166 1145 2211 Planudes
1168 2167 1248 2211 fol.
1277 2171 1381 2211 105r
1513 2170 1537 2209 3
1563 2169 1808 2210 νουθετεῖν

117 2231 364 2279 παραινεῖν
383 2225 453 2268 Va
573 2230 600 2268 4
625 2226 679 2270 οὐ
698 2226 787 2282 (vel
804 2224 932 2283 οὐδὲ)
951 2228 1060 2270 ante
1077 2224 1204 2283 μίαν,
1222 2227 1305 2284 οὐχ
1323 2228 1432 2271 auiae
1450 2225 1576 2280 ὥραν
1596 2227 1644 2269 et
1670 2224 1807 2282 ἡμιώ·

118 2301 221 2339 ριον
252 2283 549 2327 inserendum
581 2285 686 2328 coni
719 2285 874 2329 Gauda
996 2290 1022 2329 5
1054 2284 1259 2342 ἡμίωρον
1294 2287 1361 2331 Va
1490 2290 1515 2329 6
1545 2282 1682 2329 τοῦτό
1714 2285 1807 2328 ἐστι

118 2343 175 2387 Η
182 2343 472 2389 VGLaVaoz
503 2344 592 2388 edd
654 2351 789 2388 τοῦτο
825 2346 946 2390 ἐστιν
978 2345 1084 2389 ViB
1133 2348 1138 2401 Ι
1190 2345 1345 2401 ἔλεγον
1378 2359 1454 2389 om
1478 2347 1523 2389 B
1656 2349 1682 2387 8
1716 2343 1808 2399 φὴς

117 2402 228 2446 libri
260 2402 350 2445 edd
394 2403 400 2460 Ι
435 2402 606 2456 πράττε
636 2401 796 2448 τοίνυν
828 2404 952 2448 Mor²
982 2405 1232 2460 postquam
1262 2404 1356 2448 iam
1389 2404 1498 2459 ,,διὰ
1528 2403 1578 2447 τὸ
1611 2402 1806 2458 μέτρον“

116 2462 166 2506 in
181 2475 317 2518 marg
334 2461 439 2505 coni
457 2462 580 2506 Μοι·ι
701 2468 726 2507 9
750 2462 921 2519 πράττε
932 2466 989 2508 Η
995 2464 1107 2508 VLa
1119 2465 1176 2509 Vi
1185 2464 1361 2509 VaBG'l
1377 2463 1467 2507 edd
1583 2466 1638 2506 10
1664 2459 1809 2513 οὕτως

119 2523 177 2566 H
181 2521 442 2566 VLaViVa
481 2522 563 2565 sed
602 2521 651 2565 in
691 2522 778 2566 hoc
817 2523 867 2566 in
906 2520 1040 2574 οὗτος
1079 2537 1180 2567 corr
1211 2522 1293 2577 m',
1334 2523 1443 2567 Ferr
1482 2522 1604 2566 Mor¹
1638 2522 1717 2565 sed
1758 2521 1806 2564 in

115 2581 204 2624 hoc
236 2580 293 2624 ἴσ.
327 2576 463 2631 οὗτος
500 2580 550 2624 in
581 2594 714 2638 marg
858 2587 909 2625 11
953 2582 1020 2634 εἰς
1057 2581 1222 2639 scripsi
1255 2597 1280 2626 e
1305 2582 1485 2626 RC'lVa
1523 2581 1604 2625 sed
1635 2580 1684 2623 in
1719 2580 1807 2624 hoc

117 2640 242 2683 inser
264 2639 347 2693 m',
380 2639 483 2683 coll.
509 2643 541 2684 t.
567 2639 588 2683 I
613 2645 713 2695 253,
732 2646 780 2694 33
820 2641 937 2685 Plat.
973 2643 1019 2686 et:
1050 2642 1158 2686 Luc.
1191 2641 1240 2685 11.
1265 2641 1313 2684 11.
1355 2642 1407 2685 in
1444 2641 1573 2685 saxis
1609 2641 1808 2685 serebam

118 2698 231 2756 Wig
306 2706 453 2754 παροῖ
481 2699 527 2756 (i.
561 2713 599 2743 e.
633 2698 859 2756 παροιμία
899 2700 957 2744 cf.
989 2701 1097 2744 Luc.
1132 2701 1161 2744 1.
1187 2700 1235 2756 1.)
1261 2701 1336 2745 La
1407 2716 1550 2754 παροι
1589 2714 1694 2743 cum
1733 2698 1807 2742 lac

119 2763 231 2801 2—3
258 2757 337 2800 litt
355 2758 412 2802 Vi
487 2772 560 2802 om
579 2760 638 2803 H
641 2759 720 2803 VO
739 2759 830 2803 edd
953 2765 1007 2803 12
1043 2758 1188 2817 νόμον
1211 2760 1262 2803 in
1284 2756 1458 2814 τρόπον
1483 2772 1585 2802 corr
1609 2760 1654 2803 B
1681 2760 1688 2814 Ι
1715 2765 1806 2802 τῶν

119 2815 266 2873 λόγων
298 2817 464 2873 scripsi
496 2832 520 2861 e
552 2818 678 2864 Vaol
709 2832 813 2861 cum
844 2818 999 2863 Gasda
1073 2819 1156 2864 τὸν
1194 2819 1332 2876 λόγον
1357 2820 1413 2862 H
1418 2818 1685 2862 VCLaViB
1716 2817 1807 2860 edd

239 2880 293 2919 13
326 2892 402 2932 μοι
433 2877 607 2921 inserui
640 2891 665 2922 e
689 2878 764 2922 La
775 2879 831 2922 Vi
841 2878 1015 2924 VaBoz
1048 2880 1176 2935 (mihi
1210 2892 1324 2935 opus
1354 2891 1443 2922 esse
1474 2877 1654 2922 auxilio
1678 2875 1804 2933 Wig)

179 2949 253 2980 om
278 2937 336 2983 H
341 2936 419 2981 VC
446 2937 537 2982 edd
675 2941 728 2982 14
760 2937 1118 2994 παρασκευάσας
1145 2939 1213 2984 Va
1343 2941 1396 2983 15
1430 2936 1479 2982 ἐν
1502 2944 1599 2991 τοῖς
1630 2949 1706 2982 om
1740 2936 1807 2981 Va

1830 1077 1871 1108 10

1831 1522 1872 1554 15
