2010 3168
208 138 316 190 570
614 138 843 182 LIBANII
872 138 1261 184 DECLAMATIO
1294 139 1486 184 XXVIII

1010 288 1037 316 a

680 481 1003 794 «Ι
1078 402 1372 759 Χ

801 751 850 823 Η’
878 655 1106 925 ᾸΘΙΙ
1224 716 1425 891 ῆοκ

885 929 921 973 P
982 929 1021 972 D

1143 824 1376 1045 ΑΓ
1427 826 1508 924 R

1245 1047 1305 1091 Vi

314 1184 374 1232 In
404 1187 690 1234 universum
723 1188 921 1249 quidem
951 1189 1031 1236 hic
1063 1205 1260 1250 quoque
1291 1190 1427 1251 prior
1457 1187 1652 1234 familia
1683 1187 1891 1234 alteram

201 1258 296 1306 fide
329 1262 546 1321 superat.

314 1332 571 1382 Lectiones
605 1335 785 1383 codicis
815 1335 1140 1384 Laurentiani
1170 1336 1329 1384 LXIX
1355 1337 1420 1383 37
1457 1351 1486 1383 a
1516 1351 1594 1382 me
1627 1335 1796 1383 collati
1828 1335 1889 1382 ab

202 1410 449 1468 apparatu
486 1409 658 1457 critico
697 1410 799 1457 fere
847 1411 1044 1458 exulare
1090 1411 1224 1460 iussi.
1286 1410 1417 1457 Nam
1461 1410 1794 1458 recensionem
1833 1425 1890 1455 ex

203 1484 413 1543 utraque
443 1483 650 1544 familia,
683 1485 778 1532 etsi
809 1484 966 1548 magis
992 1500 1016 1532 e
1041 1486 1205 1547 priore
1231 1500 1379 1546 quam
1405 1499 1462 1532 ex
1487 1484 1658 1544 altera,
1683 1483 1890 1530 mixtam

201 1571 291 1603 nec
323 1556 423 1603 fere
457 1557 720 1619 quicquam
751 1558 909 1607 bonae
941 1559 1096 1622 frugis
1128 1559 1344 1620 praebet.

314 1629 674 1693 Argumentum
707 1632 861 1680 totius
893 1632 1266 1681 declamationis
1297 1632 1513 1693 respexit
1544 1631 1620 1679 Io.
1648 1631 1888 1678 Tzetzes

202 1719 277 1765 ep.
312 1705 379 1751 26
427 1704 633 1769 γίνωσκε
680 1702 731 1753 δὲ
778 1702 844 1764 ὡς
891 1704 972 1754 καὶ
1018 1705 1070 1754 τὸ
1116 1712 1204 1755 τοῦ
1249 1704 1520 1770 παρασίτου
1566 1703 1889 1767 πεπόνθαμεν

203 1775 468 1840 κληθέντες
513 1777 582 1837 εἰς
628 1779 971 1844 λαμπροτάτην
1013 1779 1224 1828 ἑστίασιν
1269 1777 1351 1827 καὶ
1391 1778 1516 1828 οὕτω
1556 1795 1660 1837 πως
1704 1777 1888 1840 ὑστερί-

203 1865 372 1910 σαντες
405 1853 454 1899 et
483 1853 590 1900 fuse
614 1853 831 1901 reddidit
854 1854 905 1901 in
931 1855 1283 1902 commentario
1308 1853 1371 1901 ad
1393 1853 1534 1900 illam
1559 1853 1741 1914 scripto
1772 1853 1887 1900 hist.

207 1927 312 1974 160
362 1920 497 1991 (chil.
521 1926 646 1974 VIII
679 1921 773 1993 23)
821 1928 985 1992 λίχνον
1032 1927 1140 1976 τινὰ
1186 1926 1455 2018 παράσιτον
1501 1925 1744 1990 Λιβάνιός
1789 1943 1887 1975 που

201 1998 380 2064 γράφει
413 1996 474 2063 Ι
457 1999 529 2048 ότι
558 1999 764 2063 κληθεὶς
800 2001 869 2060 εἰς
908 1999 1106 2067 ἄριστον
1143 1999 1226 2050 καὶ
1263 1994 1453 2070 χρήζων
1491 1999 1610 2064 ταχὺ
1646 1998 1842 2062 φθάσαι
1878 1995 1880 2061 Ι

203 2072 356 2121 ἵππον
388 2072 595 2137 ζητήσας
627 2072 766 2138 ἔλαβε
795 2083 894 2123 τῶν
925 2073 1296 2167 ἁμιλλητηρίων.
1327 2076 1330 2142 Ι
1368 2071 1434 2133 ὡς
1457 2068 1503 2122 δ’
1531 2073 1600 2132 εἰς
1633 2070 1886 2137 ὃμοιοστά-

203 2146 313 2195 διον
359 2146 510 2196 τόπον
557 2148 770 2211 βαδίζων
812 2142 935 2213 ἦλθε
971 2145 976 2212 Ι
1011 2147 1093 2198 καὶ
1126 2148 1274 2213 στήλη
1314 2167 1385 2207 τις
1424 2145 1650 2210 ἐφίστατο
1683 2146 1886 2212 σχήματι

201 2221 524 2285 καμπτηρίας,
561 2217 565 2288 Ι
602 2220 801 2281 δόξας
780 2242 806 2272 ο
837 2223 984 2282 ἵππος
1018 2222 1222 2272 ἱππικὸν
1261 2221 1344 2271 τὸν
1383 2221 1535 2272 τόπον
1567 2219 1840 2283 πεφυκέναι
1875 2226 1879 2283 2⁷

203 2291 364 2359 μέχρις
395 2292 599 2360 ἑσπέρας
629 2314 714 2354 τας
744 2295 939 2361 καμπὰς
971 2295 1123 2346 ἐποίει
1153 2296 1284 2364 ῥύμῃ
1333 2295 1563 2360 δρόμους,
1598 2291 1605 2359 Ι
1639 2293 1721 2343 καὶ
1750 2292 1884 2343 ἄκων

203 2365 228 2416 ὁ
267 2367 532 2433 παράσιτος
569 2366 762 2432 ἐφέρετο
802 2378 860 2438 τῇ
900 2371 1000 2438 βίᾳ,
1035 2368 1042 2435 Ι
1077 2369 1186 2434 περὶ
1235 2368 1438 2436 ἑσπέρας
1478 2368 1614 2432 μόλις
1653 2366 1678 2418 ὅ
1718 2375 1884 2432 νῆστις

200 2439 364 2490 πεσὼν
394 2440 615 2506 ἐλείφθη.
656 2444 842 2493 Ternos
874 2445 1005 2493 locos
1042 2461 1099 2492 ex
1132 2459 1188 2492 ea
1221 2445 1568 2506 excerpserunt
1598 2443 1882 2490 Maximus

202 2514 495 2564 Planudes
527 2518 578 2564 in
611 2517 851 2582 florilegio
886 2511 1170 2584 Palatinol)
1204 2521 1252 2566 et
1290 2517 1588 2565 Macarius
1629 2515 1883 2577 Chryso-

202 2589 487 2651 cephalus
530 2590 581 2637 in
614 2584 872 2657 Roset02),
913 2593 1033 2640 duos
1064 2592 1238 2639 Andr.
1272 2591 1605 2653 Lopadiota
1636 2590 1687 2636 in
1726 2590 1881 2638 lexico

202 2658 726 2730 vindobonensi-⁹³),
776 2682 924 2712 unum
979 2667 1150 2713 auctor
1200 2667 1611 2726 excerptorum
1658 2663 1881 2712 codicis

200 2737 594 2798 Neapolitani
623 2738 674 2785 Π
708 2738 743 2786 C
771 2733 907 2805 324)

322 2894 362 2947 1)
399 2891 463 2936 Cf.
497 2895 528 2936 t.
554 2893 575 2935 I
605 2908 649 2949 p.
678 2898 745 2937 73.
928 2895 971 2950 2)
1005 2893 1070 2938 Cf.
1102 2896 1135 2938 t.
1160 2894 1182 2937 Ι
1211 2909 1255 2950 p.
1283 2898 1364 2937 351
1385 2907 1450 2947 sq.

321 2953 363 3007 3>
397 2951 462 2995 Cf.
496 2953 529 2994 t.
554 2952 575 2994 I
605 2967 650 3008 p.
677 2956 775 2995 288.
958 2955 1002 3005 4)
1035 2952 1100 2996 Cf.
1133 2968 1178 3008 p.
1204 2957 1288 2996 507
1323 2954 1370 2996 et
1399 2954 1432 2996 t.
1458 2952 1500 2995 V
1530 2966 1574 3007 p.
1602 2955 1688 2994 368
1718 2953 1812 2994 not.
1839 2955 1879 2994 3.
