2010 3168
207 106 316 158 212
674 105 903 150 LIBANII
936 105 1327 152 DECLAMATIO
1358 107 1488 152 XVII

207 244 359 295 ἔστιν
398 237 502 295 οὖν
541 241 684 296 οὕτω
723 261 807 304 τις
846 241 1068 312 εὐήθης,
1107 242 1175 296 ὃν
1214 244 1284 296 σὺ
1323 246 1538 306 πείθεις
1580 243 1653 306 ὡς
1697 243 1903 297 ταύτόν

207 329 357 383 ἐστιν
379 404 381 406 ³
403 331 538 399 ἡμῖν
582 350 641 384 τε
685 329 777 384 καὶ
831 332 1088 403 Φιλίππῳ
1145 330 1454 403 συμφέρον;
1510 332 1611 401 οὐχ
1660 324 1783 385 οἶόν
1827 351 1902 400 τε,

206 417 324 473 ἀλλ’
370 420 553 489 ὥσπερ
593 420 654 472 τὸ
698 427 764 490 τῇ
810 421 969 472 πόλει
1017 424 1346 474 λυσιτελοῦν
1384 419 1574 493 ἐκείνῳ
1624 419 1903 491 δυσχερές,
1950 486 1952 488 V

207 507 349 561 οὕτω
382 509 443 561 τὸ
474 510 730 580 Φιλίππῳ
762 511 1020 577 βοηθοῦν
1050 509 1183 577 ἡμῖν
1214 507 1522 577 ἐναντίωμα
1553 508 1644 563 καὶ
1680 510 1902 579 βλάβος.

162 617 180 649 5
318 596 405 649 37.
438 594 690 666 Ἑώρων
736 595 880 667 γάρ,
929 601 1127 666 φησίν,
1175 598 1550 667 ὡρμηκότας
1600 601 1750 662 τοὺς
1789 599 1902 668 ἀμ-

207 686 571 755 φικτύονας
601 684 706 739 καὶ
737 688 1140 755 χαρίσασθαι
1166 686 1747 756 βεβουλευμένους.
1780 695 1903 741 τοῦ·

205 794 265 827 το
305 775 499 827 τοίνυν
547 773 662 828 ἐστὶ
702 772 773 827 δι’
821 774 850 828 ὃ
892 773 1058 844 ἐχρῆν
1098 774 1402 844 ἀντειπεῖν,
1450 775 1534 829 ὅτι
1581 777 1903 846 ὡρμήκεσαν

204 864 300 916 καί
333 883 385 915 τι
425 861 756 932 ἐκεκίνηντο.
797 865 848 916 εί
886 860 946 916 δὲ
986 863 1154 916 οὐδὲν
1193 863 1498 933 ἐτύγχανον
1539 863 1903 934 ἐντεθυμημέ-

204 971 294 1004 νοι
333 959 607 1020 τοιοῦτον,
648 950 766 1004 οὐδ’
816 951 1036 1005 ἐδέοντο
1075 960 1176 1005 τοῦ
1215 950 1551 1016 καθέξοντος
1591 955 1649 1006 οἱ
1684 968 1903 1023 σωφρο-

138 1061 181 1093 ιο
205 1047 448 1103 νοῦντες.
503 1040 532 1094 6
590 1041 787 1103 ἱππεὺς
841 1039 901 1093 ἐν
954 1049 1074 1103 ταῖς
1137 1040 1418 1111 ἀμετρίαις
1480 1041 1744 1106 ἀνακόψει
1805 1042 1903 1095 τὸν

115 1132 236 1176 RIII
251 1139 338 1178 412
390 1126 395 1200 1
439 1130 634 1197 ἵππον,
690 1129 1028 1198 φυλάττοντι
1075 1126 1137 1182 δὲ
1181 1131 1242 1182 τὸ
1290 1128 1493 1200 μέτρον
1540 1131 1606 1184 οὐ
1653 1139 1903 1200 μαχεῖται

205 1218 301 1270 τὸν
340 1219 571 1286 χαλινὸν
611 1217 872 1271 ἀνέλκων.
911 1219 977 1271 τὰ
1015 1226 1292 1272 νοσοῦντα
1331 1228 1444 1272 τῶν
1483 1218 1751 1286 σωμάτων
1791 1220 1899 1272 δεῖ·

204 1326 292 1359 ται
343 1307 672 1376 φαρμάκων,
719 1308 786 1360 τὰ
834 1305 883 1360 δ’
927 1307 1257 1375 ὑγιαίνοντα
1305 1309 1602 1377 πόρρωθεν
1640 1307 1669 1360 6
1718 1308 1904 1377 ἰατρὸς

204 1397 408 1459 ὄψεται.
450 1396 637 1465 ἰατρὸς
675 1392 812 1448 ἔστω
861 1393 951 1448 καὶ
991 1395 1020 1449 ὁ
1060 1398 1379 1465 πυλαγόρας
1433 1397 1754 1450 νοσούντων
1791 1406 1904 1450 τῶν

139 1504 179 1536 15
207 1484 615 1553 ἀμφικτυόνων.
671 1485 765 1537 διὰ
812 1485 916 1554 γὰρ
965 1492 1129 1538 τοῦτο
1176 1484 1441 1553 πέμπεται
1481 1487 1627 1556 λόγῳ
1673 1485 1904 1538 παύσων

204 1574 270 1626 τὰ
309 1572 739 1642 ἁμαρτανόμενα.
779 1575 848 1625 σὺ
898 1570 959 1625 δὲ
1005 1573 1117 1636 εἴας
1165 1573 1448 1642 ε’νισχύσαι
1494 1581 1570 1646 τῷ
1627 1575 1901 1645 συνεδρίῳ

204 1662 263 1714 τὸ
305 1663 536 1730 νόσημα.
967 1674 971 1679 ’

325 1827 350 1866 5
383 1821 440 1865 cf.
473 1823 506 1865 ι.
535 1821 556 1864 1
590 1825 755 1875 189,9;
787 1821 1040 1874 11357,13.
1074 1821 1205 1865 Dem.
1237 1837 1282 1878 p.
1310 1826 1485 1877 685,10
1632 1826 1686 1865 10
1719 1821 1776 1866 cf.
1801 1821 1895 1866 t.11

206 1885 307 1937 319,
327 1885 381 1925 10
410 1883 416 1938 ι
445 1881 503 1925 of.
536 1883 569 1925 t.
596 1880 617 1923 Ι
642 1885 742 1934 495,
762 1885 787 1923 2

326 2035 348 2072 1
381 2027 452 2079 τίς
482 2027 601 2074 οὕτω
628 2029 718 2073 Μα
779 2026 925 2080 οὕτως
948 2029 1145 2073 AthPH
1172 2029 1273 2073 Mor
1300 2031 1306 2086 Ι
1344 2027 1530 2080 πείθεις
1561 2028 1727 2084 scripsi
1759 2041 1784 2072 e
1812 2029 1900 2072 Ma

263 2089 474 2138 πεισθεὶς
498 2089 557 2132 Η
608 2086 798 2138 πείθοις
821 2089 964 2132 AthP
991 2088 1083 2131 edd
1227 2093 1252 2131 2
1286 2085 1386 2132 ἀλλ’
1425 2089 1533 2131 ante
1565 2088 1650 2144 οὐχ
1677 2088 1766 2132 Ma

207 2152 231 2190 3
258 2147 407 2192 έκεῖνο
433 2149 479 2191 Ρ
595 2153 621 2190 4
653 2151 715 2205 τῷ
748 2150 857 2191 ante
892 2145 1102 2206 Φιλίππῳ
1128 2149 1174 2191 Ρ
1202 2147 1293 2190 edd
1355 2147 1506 2191 delevi
1541 2149 1547 2203 Ι
1588 2145 1732 2205 βλάβη
1761 2146 1806 2188 Ρ
1832 2146 1900 2189 Re

207 2205 264 2251 cf.
297 2208 329 2250 b.
355 2207 398 2250 H
422 2211 521 2260 543,
540 2210 564 2249 3
703 2211 728 2249 5
760 2206 869 2257 τοὺς
900 2206 1073 2250 inserui
1106 2220 1129 2249 e
1161 2206 1294 2250 libris
1357 2220 1432 2250 om
1464 2206 1556 2250 edd
1654 2210 1702 2247 ·6
1737 2206 1900 2263 βεβου-

206 2264 453 2321 λευμένους
477 2266 566 2308 Μα
605 2265 686 2310 sed
725 2281 862 2322 ευμεν
901 2266 951 2308 in
989 2280 1063 2308 ras
1095 2265 1166 2308 m²
1310 2270 1333 2308 ‘1
1375 2265 1450 2310 διὸ
1474 2265 1531 2309 H
1669 2269 1694 2308 8
1737 2261 1818 2307 καί
1856 2279 1901 2308 τι

208 2323 470 2381 ἐκεκίνηντο
514 2324 680 2380 scripsi
723 2336 778 2368 ex
811 2325 954 2368 HMa
1030 2322 1183 2368 καίτοι
1225 2322 1468 2380 ἐκέκτηντο
1502 2325 1644 2368 AthP
1684 2322 1776 2366 edd
1818 2322 1900 2366 sed

210 2398 346 2439 „num
376 2384 456 2427 καὶ
490 2380 556 2427 ὅτι
588 2381 913 2439 ἐκεκίνηντοὲ“
949 2383 1018 2426 Re
1068 2383 1073 2441 Ι
1125 2382 1499 2440 ἐντεθυμημένον
1524 2383 1618 2427 Ath
1657 2381 1759 2426 Mor

208 2447 233 2485 9
265 2449 448 2486 τοιοῦτο
473 2443 614 2487 AthP
642 2442 744 2487 Mor
792 2445 798 2499 1
849 2440 958 2487 οὐδὲ
986 2443 1075 2486 Μα
1105 2441 1208 2485 Mor
1352 2446 1406 2486 10
1443 2438 1738 2498 ἀμεριμνίαις
1761 2440 1904 2484 AthP

208 2502 291 2545 sed
313 2501 363 2544 in
387 2501 475 2545 hoo
499 2518 553 2558 γρ
579 2499 818 2557 ἀμετρίαις
847 2501 896 2544 in
927 2515 1074 2558 marg,
1105 2502 1194 2545 Ma
1219 2501 1299 2544 sed
1324 2499 1482 2557 μνίαις
1505 2514 1670 2556 parum
1704 2500 1896 2551 certum,

209 2563 256 2604 et
287 2577 340 2617 γρ
372 2559 422 2603 in
452 2573 586 2617 marg
617 2560 718 2604 Mor
840 2565 894 2603 13
926 2567 1017 2604 τῶν
1051 2561 1159 2604 ante
1193 2559 1453 2616 φαρμάκων
1481 2561 1569 2604 Μα
1603 2561 1608 2615 1
1644 2557 1701 2602 τὰ
1733 2558 1899 2614 scripsi

209 2633 266 2663 ex
289 2620 434 2664 HMa
493 2616 574 2663 τὸν
598 2620 739 2663 AthP
767 2619 858 2662 edd
993 2624 1047 2662 14
1079 2619 1235 2673 ἰατρὸς
1265 2619 1440 2663 inserui
1471 2633 1494 2661 e
1526 2617 1673 2671 libris,
1705 2618 1759 2660 ut
1790 2618 1898 2660 ante

209 2680 292 2721 aut
322 2679 430 2734 post
468 2677 730 2722 νοσούντων
761 2678 1057 2722 inserendum
1089 2677 1194 2720 coni
1224 2678 1292 2721 Re
1368 2692 1444 2721 om
1475 2677 1567 2721 edd
1712 2680 1766 2719 16
1799 2674 1899 2725 εἴας

211 2736 446 2794 ἐνισχύσαι
478 2736 641 2792 scripsi
669 2749 775 2780 oum
798 2737 1007 2781 Iacobsio
1037 2736 1145 2780 Add
1170 2740 1254 2780 360
1288 2737 1393 2793 App
1419 2735 1529 2780 Pors
1555 2739 1640 2778 323
1672 2735 1787 2778 Lecb
1810 2739 1896 2777 215

211 2795 307 2839 Rev
337 2800 420 2839 426
500 2794 664 2846 ἕτασας
688 2796 745 2839 Η
816 2795 977 2849 ἔταξας
1002 2797 1091 2840 Μα
1168 2795 1307 2840 ἔασον
1331 2796 1473 2839 AthP
1507 2794 1599 2838 edd
1638 2794 1719 2837 sed
1762 2807 1898 2850 „num

212 2852 394 2898 ἐάσωνὲ
424 2855 500 2898 sed
531 2859 627 2899 tum
659 2855 776 2899 deest
804 2854 1009 2912 ἐβάδιζες
1038 2855 1106 2898 vel
1134 2855 1280 2899 simile
1311 2854 1431 2910 quod
1453 2854 1659 2898 verbum“
1687 2852 1755 2895 Re
1817 2851 1897 2910 ἐᾷς

213 2913 451 2971 ἐνισχύσαι
482 2912 628 2957 Cobet
661 2912 759 2957 Col]
784 2918 868 2956 272
932 2914 988 2956 de
1021 2913 1257 2970 ἐνισχῦσαι
1289 2913 1347 2956 cf.
1381 2913 1442 2956 ad.
1465 2914 1498 2956 t.
1523 2912 1691 2966 1111,5
