2010 3168
205 90 313 142 232
671 90 902 135 LIBANII
929 90 1321 135 DECLAMATIO
1353 91 1481 136 XVII

203 226 470 294 κολάσεις,
510 225 688 280 κοινοὶ
729 227 791 280 δὲ
830 226 891 279 ἐν
927 236 1046 289 ταῖς
1075 229 1304 310 πόλεσιν
1333 224 1550 280 ἔπαινοι
1588 235 1664 300 τῷ
1702 235 1894 301 μιαρῷ,

203 314 270 367 ὃν
301 314 434 368 οὐδὲ
463 324 580 377 τοῖς
609 316 960 368 ιΜακεδόνων
992 316 1176 368 αὐτῶν
1208 317 1374 385 ἱεροῖς
1405 315 1694 385 προσιέναι
1725 330 1893 385 προσ-

202 404 319 470 ήκει
381 404 652 456 τοσούτου
706 403 942 471 γέμοντα
1003 412 1104 457 τοῦ
1158 405 1384 472 μύσους.
1447 405 1549 457 οὐκ
1609 403 1725 458 ἔστι
1777 415 1894 468 τοῖς

201 493 519 562 ἡταιρηκόσι
550 501 840 562 μετασχεῖν
880 494 1055 562 ἱερῶν.
1097 486 1251 546 οἶδεν
1290 491 1352 546 ἐν
1387 495 1595 561 Θήβαις
1631 494 1734 562 τὴν
1771 495 1894 547 τού-

111 588 152 630 R
168 586 232 630 IH
248 590 334 630 428
381 600 481 634 του
520 583 751 650 νεότητα
791 580 1104 650 Παμμένης.
1145 580 1236 634 καὶ
1280 585 1512 649 Θηβαῖοι
1547 581 1553 652 1
1587 590 1752 635 τοῦτο
1792 583 1895 635 οὐκ

156 693 173 724 6

133 1050 176 1081 10

132 1495 173 1526 15

201 670 535 738 ἀγνοοῦντες
572 671 971 723 κολακεύουσιν
1003 670 1164 738 ὅμως.
1204 670 1306 723 οὐκ
1337 668 1487 723 ἔστιν
1523 671 1894 740 ἀνδροφόνοις

201 760 453 823 ἅψασθαι
500 763 715 827 βωμῶν.
762 759 790 812 ὁ
832 758 880 811 δ’
927 758 1033 811 ἀπὸ
1080 769 1191 812 τῶν
1238 759 1498 828 ἀδελφῶν
1549 759 1748 829 ἤρξατο
1795 768 1892 828 τῆς

199 849 544 917 μιαιφονίας,
599 848 697 910 οὓς
744 847 995 901 ἐλαύνων
1042 847 1134 900 καὶ
1188 849 1447 916 σφάττων
1499 847 1592 900 καὶ
1648 848 1891 917 ἐξαιτῶν,

200 937 300 999 ἕως
339 935 612 1004 ἐξέπεσον,
651 935 970 990 διετέλεσεν.
1012 937 1095 989 72.
1130 937 1159 990 ὁ
1199 946 1374 990 κινῶν
1411 937 1673 1005 ἀνάθημα
1716 938 1892 1000 εὐθὺς

201 1027 468 1095 ἀπαχθεὶς
504 1025 860 1094 ἀποθνήσκει.
909 1028 1185 1088 Φίλιππος
1223 1023 1285 1078 δὲ
1324 1022 1440 1079 οὐδ’
1481 1025 1551 1078 ἂν
1591 1026 1756 1089 αὐτὸς
1796 1027 1890 1079 δύ-

200 1135 356 1168 ναιτο
416 1116 477 1167 τὸ
539 1117 756 1184 πλῆθος
817 1117 993 1167 εἰπεῖν
1053 1116 1126 1184 μὴ
1190 1115 1274 1168 ὅτι
1336 1098 1449 1169 τῶν
1503 1115 1890 1184 ἀναθημάτων,

199 1202 316 1257 ἀλλ’
363 1201 496 1257 οὐδὲ
533 1213 645 1256 τῶν
684 1205 864 1273 ἱερῶν.
902 1207 986 1266 τίς
1031 1205 1135 1274 γὰρ
1188 1212 1428 1257 τοσαῦτα
1474 1206 1761 1273 σεσύληκε;
1809 1207 1892 1268 τίς

199 1293 525 1362 κατέσκαψε,
578 1293 661 1354 τίς
705 1291 990 1363 ἐνέπρησε;
1044 1296 1127 1355 τίς
1175 1292 1506 1362 ἀφωμοίωσε
1560 1294 1656 1356 τὰς
1705 1296 1893 1356 πόλεις

199 1390 314 1444 τοῖς
353 1380 629 1448 ἀοικήτοις
666 1383 857 1444 τόποις
896 1381 963 1434 οὔ
1002 1383 1155 1454 νόμω
1187 1380 1431 1450 πολέμου
1471 1383 1734 1449 προσιών,
1766 1381 1883 1435 ἀλλ’

200 1469 505 1539 ἀναμιγνὺς
566 1473 726 1541 φιλίᾳ
787 1471 1045 1539 σίδηρον,
1107 1472 1417 1539 συνθήκαις
1478 1471 1642 1539 ὅπλα,
1706 1472 1891 1540 ὅρκοις

199 1562 426 1627 φόνους.
492 1558 575 1612 73.
623 1557 964 1628 ἐνθυμεῖσθε
1009 1558 1184 1612 ὁπόσα
1221 1567 1329 1612 νῦν
1377 1560 1469 1612 διὰ
1513 1567 1714 1613 τοῦτον
1759 1565 1890 1614 πολ-

198 1653 371 1717 λαχοῦ
425 1655 525 1716 γῆς
579 1648 793 1716 δάκρυα
845 1647 1100 1717 πατέρων
1155 1646 1242 1701 ἐπὶ
1295 1652 1473 1716 παισί,
1534 1650 1748 1702 παίδων
1801 1648 1891 1702 ἐπὶ

197 1737 485 1806 πατράσιν,
519 1735 594 1788 ἐπ’
634 1736 870 1805 ἀνδράσι
900 1746 1202 1804 γυναικῶν,
1234 1736 1550 1805 ἀλωμένων,
1581 1741 1890 1806 πτωχευόν-

198 1845 326 1892 των,
365 1826 834 1893 προσαιτούντων,
875 1824 1235 1894 ε’λεουμένων,
1276 1821 1407 1878 οὐδὲ
1438 1833 1602 1878 τοῦτο
1636 1824 1888 1894 ἐχόντων.

316 1960 342 1998 4
367 1955 651 2012 Theopomp.
676 1955 731 2000 fr.
759 1960 844 1999 249
869 1956 940 1998 ed.
963 1955 1161 1999 Mueller
1182 1958 1289 2011 (217
1317 1955 1526 2000 Grenfell
1549 1957 1596 2000 et
1620 1956 1770 2010 Hunt)

199 2020 223 2058 5
258 2014 316 2058 of.
347 2016 381 2058 τ.
401 2014 464 2058 IV
489 2019 591 2069 474,
608 2019 633 2058 2
660 2018 707 2058 et
730 2020 758 2058 4
881 2020 904 2057 7
937 2015 1100 2059 lustin.
1124 2015 1230 2058 VIII
1255 2020 1280 2057 3
1403 2020 1428 2058 9
1462 2015 1518 2059 cf.
1552 2015 1889 2060 Meier-Schoe-

198 2074 559 2130 mann-Lipsius,
592 2075 688 2118 Att.
721 2074 896 2118 Process
928 2089 973 2130 p.
999 2079 1087 2118 454
1103 2088 1171 2130 sq.

317 2197 340 2235 1
374 2198 508 2247 κοινῆ
536 2193 674 2236 Mal)
747 2193 876 2237 κενοὶ
905 2192 1008 2236 Mor
1039 2192 1120 2236 sed
1153 2191 1211 2235 ἴσ.
1244 2193 1401 2236 καινοὶ
1432 2190 1460 2248 ἢ
1492 2193 1643 2236 κοινοὶ
1674 2193 1723 2236 in
1754 2208 1888 2250 marg

316 2256 341 2294 2
368 2247 432 2295 ὧν
457 2252 507 2295 D
533 2254 540 2308 Ι
566 2259 658 2295 τῶν
682 2253 791 2296 ante
807 2251 1103 2296 Μακεδόνων
1131 2251 1197 2295 Ro
1259 2251 1412 2295 delevi
1439 2253 1447 2307 Ι
1475 2250 1612 2307 ἱερεῖς
1635 2252 1685 2295 D
1712 2254 1718 2308 Ι
1746 2266 1887 2306 προσ-

198 2310 298 2364 ήκει
336 2310 511 2353 inserui
550 2325 574 2355 e
602 2311 742 2355 Mal)
817 2324 891 2354 om
916 2312 1060 2355 AthP
1092 2311 1184 2354 edd
1223 2311 1305 2354 sed
1345 2312 1420 2354 δεῖ
1445 2311 1742 2354 inserendum
1783 2311 1887 2355 coni

197 2369 312 2424 Mor,
345 2369 438 2413 ἔδει
460 2369 536 2413 vel
566 2370 674 2426 ἐξῆν
707 2369 786 2425 Re,
849 2368 980 2414 ὅσιον
1018 2369 1209 2413 Weiske
1246 2370 1343 2426 hyp
1368 2369 1505 2425 1146,
1573 2368 1710 2426 θέμις
1742 2369 1888 2414 Cobess

199 2427 299 2472 Coll
323 2432 408 2471 273
550 2434 576 2471 3
617 2426 816 2485 γέμοντα
842 2430 931 2473 Μα
961 2429 1040 2473 sed
1074 2446 1106 2472 α
1136 2428 1184 2471 in
1222 2443 1299 2472 ras
1330 2428 1401 2471 m²
1450 2432 1455 2477 Ι
1504 2435 1586 2472 τοῦ
1622 2428 1799 2472 inserui
1830 2444 1885 2471 ex

197 2488 436 2532 AthMaD
497 2500 572 2530 om
595 2489 640 2531 P
667 2488 757 2530 edd
785 2490 791 2544 Ι
818 2486 981 2543 μίσους
1000 2489 1088 2532 Μα
1115 2489 1120 2543 Ι
1150 2487 1303 2532 οὐκέτι
1322 2490 1411 2532 Μα
1530 2493 1555 2530 5
1580 2484 1707 2531 τοῦτ’
1729 2489 1776 2532 Ρ
1794 2488 1884 2531 edd

317 2550 340 2588 7
375 2545 400 2590 ὅ
428 2547 516 2590 Μα
578 2544 601 2590 ὃ
634 2546 734 2591 Mor
762 2549 767 2603 Ι
796 2547 847 2590 δὲ
879 2547 947 2591 Re
975 2550 980 2599 Ι
1009 2549 1191 2598 δελφῶν
1215 2548 1354 2591 AthP
1381 2547 1482 2590 Mor
1612 2551 1637 2588 9
1671 2545 1884 2598 ἐξέπεσον

199 2605 363 2660 scripsi
394 2608 582 2648 auctore
614 2605 682 2648 Re
743 2604 923 2658 ἐξέπεσε
953 2605 1064 2649 libri
1096 2605 1187 2650 edd
1215 2609 1221 2657 Ι
1250 2603 1497 2650 διετέλεσεν
1522 2604 1686 2660 scripsi
1712 2619 1767 2649 ex
1791 2607 1885 2649 Ath

201 2665 341 2707 MaD
401 2662 590 2708 διετέλει
615 2666 662 2708 P
688 2664 776 2707 edd
900 2669 955 2708 13
979 2663 1272 2715 κατέσκαψεν
1298 2666 1387 2709 Μα
1509 2669 1563 2707 14
1590 2671 1687 2714 τοῖς
1709 2664 1885 2707 inserui

200 2736 223 2765 e
250 2724 390 2767 MaD
462 2737 539 2767 om
563 2723 705 2767 AthP
731 2723 822 2767 edd
871 2726 877 2779 Ι
926 2724 1131 2778 προσιών
1162 2724 1348 2778 reposui
1380 2738 1405 2767 e
1436 2722 1567 2766 libris
1637 2722 1885 2778 προσάγων

199 2781 289 2824 edd
339 2784 344 2836 Ι
395 2779 493 2824 ἀλλ’
529 2782 788 2838 ἀναμιγνὺς
818 2783 984 2838 scripsi
1016 2796 1041 2826 e
1065 2783 1115 2826 D
1177 2782 1291 2826 ἀλλὰ
1323 2782 1581 2838 ἀναμιγνὺς
1604 2783 1698 2826 Ath
1769 2781 1884 2825 ἀλλὰ

198 2841 362 2896 μιγνὺς
386 2842 519 2885 ΡΜα
550 2840 642 2883 edd
765 2846 818 2884 16
853 2841 1053 2891 ὁπόσους
1075 2841 1125 2884 D
1174 2843 1180 2897 Ι
1232 2843 1480 2885 διατοῦτον
1502 2841 1552 2884 D
1675 2845 1730 2884 18
1766 2842 1882 2884 ἀλω-

199 2897 349 2954 μένων
379 2899 448 2942 Re
508 2898 755 2955 ἁλωμένων
787 2899 895 2943 libri
926 2900 1028 2943 Mor
