2010 3168
249 157 357 211 660
676 156 971 200 ADDENDA
1002 156 1080 200 ET
1110 156 1504 202 CORRIGENDA

364 290 437 333 Ad
468 305 511 346 p.
539 294 638 345 236,
660 294 713 333 18
731 305 799 346 sq.
831 290 889 334 cf.
922 290 1050 334 Dem.
1082 290 1185 334 fals.
1217 290 1308 347 leg.
1341 306 1387 347 p.
1411 295 1586 346 431‚28
1605 306 1672 348 sq.

366 350 437 392 Ad
468 365 512 405 p.
540 354 710 404 238,11
747 349 803 393 cf.
836 348 966 393 Dem.
1000 363 1088 394 cor.
1123 365 1166 405 p.
1193 353 1294 405 288,
1313 354 1366 393 21

365 408 437 451 Ad
468 424 512 465 p.
540 412 713 462 250,15
748 408 804 452 cf.
839 408 983 452 etiam
1013 424 1059 464 p.
1084 413 1185 463 429,
1205 414 1260 452 14

365 468 434 510 Ad
467 483 511 523 p.
538 471 623 510 290
662 470 759 512 not.
788 473 833 511 1:
878 468 1074 512 eandem
1110 467 1357 512 lectionem
1400 468 1569 514 ἑαυτὸν
1605 468 1931 542 προσαγγέλλει

244 542 326 583 pro
367 528 633 571 ἀποθανεῖν
672 527 799 580 ἀξιοῖ
824 527 875 569 in
905 526 1044 571 titulo
1076 526 1431 572 declamationis
1464 528 1751 584 φιλαργύρου
1782 531 1815 572 t.
1842 528 1927 574 VII

247 588 286 640 7,
305 591 330 629 3
365 588 413 643 (t.
438 586 503 630 IV
527 601 571 642 p.
600 590 682 630 198
701 586 758 643 R)
788 585 1075 631 Matritensis
1105 586 1176 630 N·
1191 591 1246 631 86
1279 585 1357 631 fol.
1385 591 1440 630 39
1471 587 1668 643 praebet

360 646 409 689 P.
437 650 537 699 299,
558 650 579 688 1
613 646 662 688 in
693 645 795 690 loco
827 645 972 689 allato
1003 645 1128 703 lege:
1161 648 1195 690 t.
1219 646 1284 691 IV
1312 661 1358 703 p.
1384 651 1485 701 314,
1505 651 1557 690 17
1576 646 1618 690 R

362 705 435 747 Ad
466 720 511 761 p.
539 709 681 757 320,2
715 704 772 748 cf.
804 720 849 761 p.
877 709 976 759 357,
996 710 1050 749 15
1927 755 1932 761 ,

361 764 435 807 Ad
465 779 572 821 pag.
599 768 682 808 339
722 766 818 808 not.
845 768 870 807 3
910 764 1208 809 Nicolaum
1248 764 1572 809 Cabasilam
1612 765 1931 810 orationein-

245 824 418 880 scripta
450 823 831 881 συμβουλευτικὸς
853 821 1118 880 Ἀθηναίοις
1147 824 1252 879 περὶ
1282 831 1364 868 τοῦ
1397 824 1446 869 ἐν
1472 824 1632 876 αὐτοῖς
1659 821 1818 869 Ἐλέου
1841 826 1931 883 βω-

245 890 332 940 μοῦ
364 883 488 926 idem
521 885 750 926 sectatum
790 895 890 926 esse
929 884 1070 939 atque
1110 883 1357 927 Libanium
1395 883 1588 927 inducto
1630 884 1809 929 oratore
1849 884 1930 939 qui

244 942 608 986 Atheniensibus
648 941 884 997 suaderet,
916 944 971 986 ut
1008 942 1357 986 Misericordiae
1390 956 1518 986 aram
1543 944 1815 998 everterent,
1847 943 1929 986 sed

244 1003 292 1046 in
333 1001 596 1058 argumenti
632 1001 916 1046 tractatione
955 1001 1050 1045 fere
1091 1001 1149 1045 ab
1195 1015 1248 1045 eo
1286 1001 1530 1046 recessisse
1571 1002 1765 1058 adnoto,
1803 1004 1931 1058 post·

245 1075 386 1117 quam
424 1060 679 1105 orationem
713 1074 740 1104 a
771 1060 1078 1105 Boissonadio
1110 1061 1159 1104 in
1190 1061 1432 1106 Addendis
1466 1063 1513 1105 et
1540 1060 1836 1118 Corrigendis
1868 1061 1928 1105 acl

245 1120 447 1165 Choricii
479 1120 710 1164 orationes
742 1135 788 1177 p.
816 1124 901 1164 350
919 1135 985 1176 sq.
1019 1133 1044 1164 e
1077 1121 1235 1165 codice
1267 1120 1479 1165 Parisino
1512 1135 1577 1178 gr.
1606 1124 1719 1165 1213
1753 1119 1930 1164 editam

245 1193 452 1236 cognovi.

361 1239 410 1284 P.
436 1244 521 1283 373
553 1239 584 1284 1.
611 1244 664 1283 15
697 1238 802 1297 lege
833 1243 921 1284 371
952 1254 1036 1296 pro
1068 1243 1160 1285 370
1174 1254 1236 1296 sq.

362 1299 410 1343 P.
437 1303 523 1343 585
556 1300 649 1342 not.
683 1299 712 1342 1.
739 1302 766 1342 9
796 1298 902 1356 lege
934 1302 1036 1355 635,
1056 1303 1085 1342 7
1116 1313 1200 1356 pro
1233 1302 1336 1354 574,
1356 1302 1395 1342 7.

361 1476 533 1521 Verum
564 1476 652 1521 hoc
683 1476 785 1520 loco
818 1479 923 1521 utor
947 1476 1191 1520 occasione
1224 1475 1443 1533 aliquid
1429 1491 1478 1520 ιιι
1501 1475 1734 1520 volumine
1759 1476 1925 1532 quarto

245 1535 519 1593 corrigendi.
582 1536 826 1581 Dubitatio
859 1537 984 1581 enim
1014 1549 1157 1593 quam
1188 1535 1246 1580 de
1268 1537 1402 1580 textu
1430 1548 1598 1593 graeco
1630 1534 1929 1580 monodiae

245 1596 309 1639 de
341 1595 553 1652 templo
586 1595 874 1652 Apollinis
914 1595 1209 1652 Daphnaei
1247 1595 1448 1640 versioni
1486 1594 1662 1639 latinae
1700 1592 1928 1638 Morelli

244 1655 354 1698 anni
381 1659 494 1698 1610
526 1655 688 1699 addito
719 1655 787 1698 ibi
811 1670 856 1711 p.
881 1659 967 1699 308
986 1670 1051 1711 sq.
1075 1655 1199 1699 movi
1223 1657 1346 1699 stare
1368 1654 1463 1699 iam
1493 1667 1587 1701 non
1608 1654 1777 1710 potest,
1800 1655 1928 1710 post-

245 1727 385 1769 quam
416 1714 639 1772 Ingram
671 1714 932 1771 Bywater
955 1714 1190 1770 exemplar
1214 1712 1434 1758 editionis
1458 1713 1582 1770 quod
1605 1726 1749 1770 penes
1773 1712 1928 1769 ipsum

244 1774 316 1817 est
346 1773 573 1831 singulari
603 1773 927 1818 benevolentia
957 1773 1299 1830 inspiciendum
1330 1771 1447 1816 mihi
1477 1771 1749 1816 transmisit.
1812 1770 1926 1814 Tex-

244 1834 320 1876 tus
344 1846 544 1905 graecus
577 1833 680 1877 octo
711 1831 898 1889 paginis
923 1834 1073 1889 (1—8)
1108 1832 1291 1876 Notas’
1326 1831 1536 1887 sequitur
1566 1831 1818 1904 inscriptus
1848 1835 1928 1874 Λι-

245 1890 411 1950 βανίου
442 1895 679 1948 Σοφιστοῦ
709 1894 715 1948 Ι
742 1891 973 1936 Μονωὸία
1012 1891 1088 1936 ἐπὶ
1118 1895 1179 1949 τῷ
1207 1894 1213 1948 Ι
1242 1891 1291 1936 ἐν
1323 1891 1495 1949 Δάφνῃ
1534 1894 1623 1949 νεῷ
1661 1896 1743 1935 τοῦ
1766 1887 1928 1934 Ἀπόλ-

243 1954 387 2003 λωνος
413 1953 420 2008 Ι
447 1949 738 1996 ἀναλωθέντι
782 1949 917 2006 πυρί·
962 1951 1023 2002 ὡς
1063 1951 1179 2007 φασὶ
1210 1950 1263 1995 δὲ
1307 1953 1520 2010 κεραυνῷ
1545 1949 1791 1994 concinens
1822 1961 1928 1992 cum

246 2010 450 2054 editione
482 2010 758 2054 Morelliana
789 2010 888 2054 Lib
923 2025 1029 2066 opp.
1062 2013 1094 2054 t.
1119 2009 1162 2053 II
1191 2025 1236 2067 p.
1265 1997 1510 2063 let—188¹,
1543 2009 1635 2053 nisi
1667 2007 1791 2065 quod
1822 2006 1930 2058 ἴσως

244 2076 358 2126 γοῦν
381 2085 426 2127 p.
447 2073 529 2113 185
554 2069 584 2113 1.
611 2074 636 2113 3
662 2072 734 2125 (=
759 2071 791 2113 t.
809 2069 873 2113 IV
890 2075 989 2125 311,
1001 2074 1025 2112 2
1051 2082 1182 2113 meae
1207 2068 1336 2126 edit.)
1361 2069 1506 2124 deest,
1531 2069 1799 2112 coniectura
1821 2079 1927 2110 vero

247 2128 354 2179 ἴσως
391 2130 485 2173 καὶ
524 2128 704 2183 ἐκράτει
742 2129 790 2172 in
823 2129 1035 2186 margine
1067 2128 1127 2173 ib.
1163 2129 1191 2173 l.
1219 2134 1244 2172 9
1277 2131 1350 2184 (=
1375 2127 1439 2172 IV
1464 2132 1564 2183 313,
1581 2129 1624 2184 2)
1657 2126 1812 2184 posita
1843 2127 1924 2170 est.
