2010 3168
572 150 996 195 DEMOSTHENIS
1026 149 1331 196 APOLOGIA
1689 149 1793 202 371

114 293 210 342 nisi
242 309 350 341 eam
383 292 537 341 aetati
576 291 782 340 iuvenili
793 285 835 358 ¹)
867 292 1084 340 tribuere
1115 292 1213 352 vis,
1253 291 1374 340 satis
1408 306 1582 340 causae
1616 291 1681 339 sit
1713 307 1799 338 cur

115 367 174 416 de
206 366 462 415 authentia
500 365 694 414 dubites
734 366 880 414 aliter
911 368 1059 428 atque
1090 366 1324 413 Morellus
1358 366 1444 427 qui
1474 366 1528 413 in
1557 365 1704 413 Notis
1737 364 1799 412 ad

114 441 379 490 Libanium
410 440 618 489 editioni
650 440 932 502 praemissis
963 439 1192 489 f01.V1v2
1230 438 1470 501 Apologia
1506 440 1672 501 inquit
1701 439 1798 487 De-

114 517 368 564 mosthenis
399 530 455 563 ex
484 516 626 563 unico
657 517 803 563 veteri
832 529 955 563 mns.
988 516 1227 575 descripta
1257 515 1377 575 fuit:
1406 515 1460 562 in
1491 528 1582 574 quo
1615 515 1802 561 autoris

114 591 285 638 nomen
315 603 629 650 suppressum
661 592 786 638 erat:
823 589 909 637 sed
938 590 1014 638 hic
1044 589 1249 637 Libana·
1291 590 1443 650 stylus
1473 592 1528 636 ut
1556 602 1696 636 sorem
1725 590 1799 636 in-

115 665 237 713 dicio
278 678 365 711 suo
403 677 454 711 se
481 664 662 724 prodit.
724 663 783 711 In
822 678 1008 726 paucas
1047 663 1202 727 igitur
1248 664 1444 726 eclogas
1486 664 1687 724 recepta
1728 664 1802 710 est

114 754 365 800 parvoque
412 738 636 785 codicum
681 754 886 786 numero
926 738 989 785 ad
1028 741 1250 785 nostram
1297 739 1513 785 aetatem
1559 736 1800 798 pervenit.

116 813 181 861 Et
203 812 256 859 hi
280 827 447 861 omnes
473 828 630 874 aeque
647 814 797 874 atque
821 813 874 859 in
891 812 1144 874 Hyperide
1155 805 1197 878 2)
1214 813 1424 860 recentis
1442 813 1557 859 sunt
1582 810 1800 874 originis.

116 887 294 935 Nullus
320 886 450 933 enim
475 887 725 934 saeculum
748 880 1011 952 XIIIJXIV
1036 885 1238 934 excedit.
1283 885 1410 934 Sunt
1434 887 1601 933 autem
1631 885 1684 932 hi
1712 886 1801 933 15:

228 964 273 1010 1.
321 960 912 1023 Hierosolymitanus
976 960 1303 1009 bibliothecae
1349 959 1698 1022 patriarchalis
1754 959 1801 1006 S.

117 1035 391 1097 Sepulcri
420 1036 537 1083 107
566 1029 659 1101 (=
678 1029 750 1102 H)
775 1050 899 1084 saec.
924 1035 1043 1083 XIV
1066 1035 1149 1083 fol.
1177 1037 1261 1083 47.
1301 1035 1500 1083 Desinit
1530 1034 1706 1082 folium
1734 1035 1800 1080 52

115 1110 276 1158 verbis
300 1126 348 1171 p.
374 1110 497 1170 408,
518 1110 583 1157 15
611 1113 795 1158 θᾶττον
819 1108 1103 1174 οἰμώξομαι,
1135 1110 1311 1158 folium
1338 1110 1404 1158 53
1438 1109 1617 1171 incipit
1639 1107 1803 1157 verbis

114 1201 160 1247 p.
188 1184 393 1246 414‚18
429 1182 670 1246 φίλιππον
701 1180 748 1248 ἢ.
810 1184 975 1232 Media
1013 1199 1111 1232 uno
1151 1184 1272 1232 folio
1314 1184 1493 1231 amisso
1533 1182 1801 1246 perierunt.

114 1258 241 1305 Vide
272 1260 307 1307 t.
334 1258 379 1304 V
409 1274 457 1320 p.
486 1259 590 1306 150
609 1273 678 1319 sq.
744 1257 957 1306 Contuli.

229 1335 275 1380 2.
319 1332 650 1380 Vaticanus
690 1350 762 1397 gr.
797 1334 902 1381 940
935 1327 1030 1399 (=
1055 1326 1124 1399 V)
1158 1348 1283 1381 saec.
1307 1325 1572 1397 XIIIJXIV
1603 1332 1687 1379 fol.
1720 1332 1803 1379 35.

117 1406 374 1456 Correctus
408 1409 483 1455 est
514 1407 705 1455 duabus
737 1407 979 1468 manibus,
1011 1407 1226 1455 secunda
1257 1409 1306 1455 et
1335 1407 1499 1455 tertia.
1556 1405 1681 1453 Vide
1706 1405 1804 1453 t.V

116 1499 162 1544 p.
192 1483 294 1529 152
315 1497 385 1543 sq.
449 1479 662 1530 Contuli.

226 1556 301 1603 Ex
324 1555 418 1605 hoc
434 1556 514 1604 vel
532 1556 687 1604 fratre
706 1557 810 1604 eius
836 1556 1046 1619 gemello
1073 1555 1307 1616 descripti
1332 1557 1447 1604 sunt
1471 1555 1568 1602 duo
1594 1554 1804 1602 codices:

230 1631 276 1678 3.
308 1630 690 1678 Matritensis
730 1631 923 1678 N-130
964 1646 1089 1680 saec.
1122 1630 1241 1677 XVI
1271 1630 1356 1678 fol.
1392 1630 1500 1678 65&
1561 1628 1687 1675 Vide
1718 1631 1752 1677 t.
1782 1627 1806 1674 I

118 1722 165 1767 p.
192 1705 298 1752 428
318 1720 390 1767 sq.
424 1707 473 1752 et

229 1781 276 1826 4.
323 1779 697 1826 Monacensis
744 1796 815 1842 gr.
850 1779 916 1827 96
966 1794 1089 1827 saec.
1121 1779 1240 1827 XVI
1286 1779 1370 1826 fol.
1406 1779 1513 1827 59V.
1585 1775 1807 1825 Contulit

116 1852 319 1901 Reiskia
342 1853 394 1900 in
417 1868 562 1901 usum
586 1854 757 1900 mariti
781 1854 867 1915 qui
891 1869 1002 1900 eum
1026 1853 1324 1902 Bavaricum
1350 1852 1615 1900 secundum
1640 1851 1806 1913 appel-

116 1928 243 1976 lavit
275 1930 324 1974 et
354 1928 525 1976 littera
555 1927 597 1975 B
628 1927 903 1991 insignivit.
964 1927 1091 1975 Vide
1122 1929 1159 1975 t.
1183 1927 1230 1974 V
1260 1945 1307 1990 p.
1337 1928 1441 1975 364
1460 1941 1531 1988 sq.

230 2000 416 2050 Similis
449 2001 654 2064 originis
687 2004 805 2051 sunt

225 2077 270 2123 5.
316 2075 642 2124 Vaticanus
683 2075 1125 2125 Ottobonianus
1166 2092 1237 2140 gr.
1273 2077 1338 2123 46
1375 2089 1499 2123 saec.
1524 2068 1808 2139 XVIJXVH

122 2150 202 2198 fol.
232 2152 338 2198 11‘7.
400 2149 526 2196 Vide
558 2165 710 2212 supra
741 2167 786 2212 p.
815 2153 843 2198 2
865 2166 936 2212 sq.

120 2226 170 2272 et

234 2299 280 2346 6.
327 2298 772 2346 Laurentianus
814 2297 955 2346 LVII
997 2300 1061 2346 21
1113 2313 1238 2347 saec.
1278 2292 1512 2363 XIVJXV
1558 2297 1643 2344 fol.
1687 2297 1805 2344 110.

121 2372 245 2419 Vide
277 2373 311 2420 t.
336 2371 383 2418 V
412 2389 459 2434 p.
489 2372 591 2420 158
611 2387 682 2435 sq.

235 2448 279 2494 7.
327 2446 658 2494 Vaticanus
705 2463 775 2510 gr.
819 2447 885 2495 82
937 2440 1038 2513 (=
1064 2440 1172 2513 Va)
1220 2462 1343 2495 saec.
1381 2445 1497 2494 XIV
1545 2445 1626 2494 fol.
1664 2445 1805 2492 119V.

120 2519 326 2568 Duabus
357 2519 604 2581 manibus,
636 2521 848 2569 secunda
881 2523 930 2568 et
959 2521 1125 2583 tertia,
1158 2523 1405 2569 correctus
1439 2522 1524 2568 est.
1565 2518 1691 2566 Vide
1724 2521 1757 2565 t.
1784 2517 1807 2563 I

120 2611 167 2656 p.
194 2595 262 2641 48
281 2609 352 2656 sq.
416 2593 630 2642 Contuli.

234 2669 280 2716 8.
305 2667 671 2716 Barberinus
695 2668 746 2716 Π
771 2670 837 2717 41
868 2663 1010 2735 (olim
1031 2663 1160 2735 351)
1185 2685 1315 2717 nunc
1338 2668 1610 2716 Vaticanus
1629 2659 1722 2732 (=
1740 2658 1806 2731 B)

122 2757 246 2790 saec.
269 2742 362 2789 XV
400 2741 484 2789 fol.
512 2742 632 2790 355.
694 2741 820 2791 Vide
851 2746 888 2790 t.
912 2743 937 2790 I
968 2760 1014 2806 p.
1044 2745 1111 2790 24
1130 2759 1199 2805 sq.
1264 2741 1489 2791 Contulit
1523 2741 1655 2808 ,mihi
1692 2739 1808 2786 Pius

122 2815 334 2863 Franchi
365 2815 425 2864 de
459 2815 743 2865 CavaleriiS.

241 2929 284 2982 2)
316 2927 533 2971 Aetatem
556 2926 806 2970 iuvenilem
831 2941 936 2971 cum
959 2928 1109 2972 multa
1141 2927 1236 2972 alia
1259 2930 1357 2971 tum
1375 2943 1419 2984 p.
1439 2931 1539 2982 394,
1559 2931 1608 2980 23
1640 2930 1741 2980 420,
1759 2929 1807 2979 3;

124 2990 226 3040 425,
246 2990 323 3039 193
355 2991 456 3038 428,
478 2991 531 3030 15
564 2986 789 3030 indicant.
970 2989 1014 3043 2)
1048 2986 1114 3031 Cf.
1146 3002 1191 3043 p.
1223 2992 1322 3030 240.

1364 3061 1454 3104 24*
