2010 3168
813 643 1043 693 Succedit

88 744 380 816 Gregorii
430 743 652 813 Cyprii
705 744 778 796 ad
832 744 1314 797 antecedentem
1363 744 1620 797 Libanii
1676 744 1774 797 de-

501 819 946 871 clamationem
987 817 1358 890 antilogial)

85 958 186 1006 qua
215 942 541 990 Athenienses
573 957 624 990 se
657 941 791 1004 apud
821 940 1236 990 Lacedaemonios
1278 942 1340 990 ab
1379 942 1652 1005 impietatis
1685 944 1776 990 cri-

86 1018 218 1065 mine
245 1015 529 1064 defendunt.

198 1090 376 1139 Exstat
406 1091 459 1137 in
491 1089 679 1138 duobus
712 1089 961 1138 codicibus
994 1105 1204 1152 quorum
1233 1092 1373 1152 prior
1403 1107 1512 1140 eam
1543 1107 1643 1139 una
1666 1108 1779 1140 cum

86 1165 292 1227 reliquis
339 1164 646 1213 orationibus
694 1164 1023 1226 epistulisque
1069 1162 1295 1228 Gregorii
1343 1163 1514 1228 Cyprii
1559 1165 1788 1228 praebet:v

87 1238 182 1296 Qui
214 1242 290 1287 est
319 1237 632 1286 Leidensis
664 1238 994 1286 bibliothecae
1024 1238 1253 1300 publicae
1284 1237 1365 1287 Gr.
1398 1239 1451 1288 F.
1477 1241 1546 1288 49
1578 1233 1672 1307 (=
1698 1235 1762 1306 L)

87 1314 278 1361 formae
309 1313 419 1360 folii
449 1312 652 1361 minoris
683 1312 1005 1374 bombycinus
1045 1313 1242 1360 saeculo
1274 1313 1393 1360 XIV
1422 1315 1475 1362 in
1510 1312 1718 1363 Graecia
1750 1331 1779 1362 a

88 1386 301 1451 Georgio
345 1385 598 1435 Galesiota
643 1388 872 1435 exaratus
915 1389 1042 1435 teste
1087 1387 1412 1449 inscriptione
1456 1387 1509 1435 in
1556 1389 1778 1453 margine

88 1477 339 1537 superiore
376 1477 589 1538 paginae
625 1477 728 1523 253
777 1475 1030 1524 rubricata
1076 1472 1125 1541 χὲ
1165 1475 1343 1539 βοήθει
1396 1480 1461 1544 τῷ
1502 1477 1572 1546 σῷ
1619 1477 1779 1547 δούλῳ

89 1550 304 1618 γεωργίῳ
361 1554 424 1617 τῷ
480 1549 771 1616 γαλησιώτῃ.
843 1549 1078 1598 Continet
1121 1566 1234 1613 pag.
1273 1553 1298 1598 1
1357 1557 1444 1599 τοῦ
1491 1551 1779 1613 σοφωτάτου

88 1622 171 1672 καὶ
203 1623 495 1688 λογιωτάτου
534 1623 833 1688 πατριάρχου
874 1623 1427 1682 κωνσταντινουπόλεως
1467 1633 1624 1691 κυροῦ
1662 1645 1780 1691 γρη-

87 1697 259 1763 γορίου
299 1703 386 1746 τοῦ
424 1698 636 1759 κυπρίου
675 1697 817 1762 λόγος
854 1696 911 1746 τὰ
951 1692 1070 1746 καθ’
1107 1696 1283 1747 ἑαυτὸν
1322 1696 1557 1764 περιέχων
1595 1693 1779 1767 (rubr.)

91 1765 188 1838 (ed.
207 1771 350 1819 Bern.
369 1772 427 1820 de
451 1771 648 1834 Rubeis,
665 1771 888 1821 Venetiis
909 1776 933 1819 1
946 1774 1048 1820 753
1067 1790 1113 1834 p.
1132 1773 1303 1820 I—XI
1320 1776 1370 1821 et
1382 1773 1435 1821 F.
1455 1773 1505 1822 C.
1522 1774 1781 1836 Matthiae,

0 1854 1 1874 ³
89 1846 189 1894 Des
202 1845 522 1893 Patriarchen
539 1845 806 1910 Gregorius
825 1862 913 1895 aus
932 1845 1127 1909 Cypern
1145 1846 1615 1912 Selbstbiographie‚
1627 1848 1779 1896 Fran-

91 1921 181 1968 cof.
223 1920 286 1967 ad
316 1920 548 1968 Moenum
573 1921 723 1968 -1817
757 1937 805 1982 p.
833 1921 862 1968 5
883 1914 993 1987 sq.)

202 2011 248 2056 p.
276 1996 305 2041 5
347 2000 433 2042 τοῦ
474 1993 626 2042 αὐτοῦ
666 1993 808 2059 λόγος
848 1993 917 2053 εἰς
954 1993 1039 2043 τὸν
1080 1994 1222 2060 ἅγιον
1263 1995 1662 2061 μεγαλομάρτυρα
1699 1995 1781 2044 καὶ

91 2066 459 2132 τροπαιοφόρον
489 2067 747 2132 γεώργιονε
779 2072 869 2116 A⁰³

204 2158 249 2203 p.
278 2143 344 2189 25
379 2148 465 2189 τοῦ
498 2140 650 2190 αὐτοῦ
683 2141 825 2207 λόγος
857 2142 926 2201 εἰς
958 2142 1043 2192 τὸν
1074 2142 1218 2207 ἅγιον
1250 2143 1507 2192 διονύσιον
1537 2143 1622 2193 τὸν
1646 2142 1781 2209 ἄρεο-

91 2215 302 2280 παγίτην
328 2210 388 2262 ‘4‘
422 2216 496 2279 5⁰³⁴

203 2305 249 2351 p.
277 2290 344 2336 46
378 2297 465 2338 τοῦ
498 2288 651 2338 αὐτοῦ
683 2289 825 2354 λόγος
855 2289 925 2348 εἰς
957 2290 1041 2339 τὸν
1073 2290 1215 2355 ἅγιον
1246 2289 1491 2355 εὐθύμιον
1515 2290 1782 2342 ἐπίσκοπον

13 2343 15 2345 -
94 2362 324 2425 μαὸύτων
365 2363 413 2411 ss
450 2367 523 2428 7⁰?

204 2454 249 2499 p.
280 2440 342 2484 71
379 2444 465 2485 τοῦ
497 2437 650 2487 αὐτοῦ
682 2437 823 2503 λόγος
855 2438 923 2497 εἰς
956 2437 1045 2502 τὴν
1076 2436 1221 2504 ἁγίαν
1248 2445 1335 2487 τοῦ
1359 2446 1554 2504 χριστοῦ
1579 2444 1783 2505 μεγαλο-

94 2509 314 2575 μάρτυρα
344 2509 425 2559 καὶ
457 2510 749 2576 ἀθλοφόρον
782 2513 995 2577 μαρίναν
1028 2507 1090 2561 ‘4‘
1125 2513 1196 2560 6⁰³

16 2683 22 2738 ἓ

15 3063 32 3168 m
16 2966 30 3053 qva-sa*
17 2943 26 2950 η
16 2866 27 2937 .—0-:a.·
23 2781 28 2786 ⁷

206 2602 251 2646 p.
282 2586 348 2633 89
383 2592 469 2633 τοῦ
502 2585 656 2635 αὐτοῦ
688 2586 938 2649 βασιλικός
1034 2604 1068 2634 ε.

205 2674 253 2718 p.
281 2660 383 2706 109
419 2675 446 2713 ς
479 2666 566 2707 τοῦ
598 2658 751 2708 αὐτοῦ
784 2659 925 2725 λόγος
958 2660 1025 2718 εἰς
1062 2660 1148 2709 τὸν
1179 2659 1379 2724 βασιλέα
1416 2659 1571 2726 κυρὸν
1604 2659 1782 2725 ἀνδρό-

95 2749 235 2778 νικον
267 2730 350 2780 τὸν
381 2731 707 2797 παλαιολόγον
1346 2734 1349 2737 ¹

215 2889 258 2988 ,lg
291 2887 343 2929 In
382 2887 579 2944 singulis
619 2890 776 2932 tamen
814 2890 964 2944 magis
997 2888 1318 2946 Thucydidem
1362 2903 1503 2946 quam
1534 2890 1782 2934 Libanium

98 2958 227 2999 sequi
251 2960 318 2988 ur.

186 3027 381 3060 mems
405 3028 716 3061 eti-Foernter.
741 3030 808 3062 VL
1400 3027 1428 3064 4
