2010 3168
191 618 210 649 5

235 106 344 158 254
645 103 911 163 [LIBANII]
943 103 1332 148 DECLAMATIO
1363 102 1513 148 XVHI

233 260 328 309 μοι
382 241 579 294 λοιπὸν
634 240 912 293 δεικνύειν
959 239 1043 292 ὅτι
1099 241 1364 308 δημόσιον
1418 239 1590 292 αὐτὸν
1643 236 1786 293 εἶναι
1842 242 1934 294 δεῖ

236 338 347 382 τῶν
376 325 706 397 Ἀθηναίων.

348 416 498 470 Ἀλλ’
565 417 594 470 ὁ
656 419 880 485 νόμος,
945 419 1099 485 φησί,
1161 417 1451 486 διείρηκε
1508 417 1929 486 πιπράσκειν,
2002 469 2010 496 s

235 509 312 559 σὺ
364 504 433 558 δὲ
482 505 781 575 κατέχειν
820 504 1028 569 ἀξιοῖς
1074 506 1245 574 παρὰ
1290 506 1406 574 τὴν
1453 504 1715 558 ἐκείνου
1761 507 1925 574 γνώ-

235 615 359 663 μην
429 593 623 663 <καὶ>
696 596 1016 663 δημόσιον
1093 594 1294 646 αὐτὸν
1378 588 1548 646 εἶναι
1632 594 1928 664 γράφεις.
2000 583 2010 654 ’·.’

145 689 268 734 RIV
286 693 372 733 330
421 683 525 751 ἐγὼ
568 681 644 750 δέ,
700 685 747 736 εἰ
794 682 885 735 καὶ
932 682 1254 751 παράνομον
1289 681 1296 751 Ι
1333 686 1497 751 φήσει
1543 702 1625 745 τις
1672 679 1815 736 εἶναι
1866 683 1932 736 τὸ
2002 685 2010 750 23

169 1061 211 1092 10

170 1505 211 1537 15

170 1949 214 1980 20

235 775 493 841 ψήφισμα
546 773 779 840 τούμόν,
836 770 953 824 ἀλλ’
1016 773 1064 823 εἰ
1119 770 1399 833 λυσιτελές
1453 770 1627 839 ἐστιν,
1683 771 1932 840 ἀνάγκην

236 854 382 914 εἷναί
419 881 558 930 φημι
597 860 922 930 προσέσθαι.
968 858 1059 912 καὶ
1107 861 1212 929 γὰρ
1260 861 1308 912 εἰ
1355 859 1545 912 λύεταί
1587 879 1640 912 τι
1685 869 1798 913 τῶν
1835 879 1931 914 νο-

235 951 440 1019 μίμων,
494 951 555 1002 τὸ
603 957 698 1017 τῆς
743 950 1007 1017 πατρίδος
1058 947 1344 1018 συμφέρον
1393 946 1733 1018 κυριώτερον
1786 945 1937 1002 εἷναί

236 1058 377 1107 φημι
416 1035 750 1108 γραμμάτων
786 1041 1023 1090 πολλῶν.
1064 1036 1228 1089 ὁπότε
1267 1037 1372 1105 γὰρ
1423 1035 1515 1090 καὶ
1553 1039 1684 1099 τοὺς
1721 1039 1931 1105 νόμους
2002 1035 2003 1038 “

236 1128 440 1189 αὐτοὺς
485 1127 624 1196 ὑπὲρ
671 1134 771 1179 τοῦ
817 1134 978 1196 κοινῇ
1032 1124 1414 1195 συμφέροντος
1466 1124 1762 1193 τιθέμεθα,
1813 1135 1932 1189 πῶς

235 1216 552 1283 ἀδικοῦμεν,
593 1216 640 1268 εἰ
678 1217 738 1268 τὸ
778 1222 939 1285 κοινῇ
980 1224 1249 1268 συνοῖσον
1285 1224 1399 1266 τῶν
1437 1216 1626 1283 νόμων
1655 1223 1929 1282 προτιμῶ-

235 1325 358 1375 μεν;
420 1305 507 1357 21.
567 1298 686 1373 εἶτ’,
749 1306 801 1357 εἰ
836 1300 939 1373 μὲν
993 1303 1239 1357 ἐκώλυον
1285 1303 1455 1356 αὐτὸν
1501 1299 1643 1356 εἶναι
1705 1304 1930 1372 δοῦλον,

235 1395 595 1462 παρηνόμουν
647 1392 788 1461 (ἂν)
838 1393 940 1461 τὴν
994 1395 1187 1461 ζημίαν
1240 1391 1498 1461 ἀφαιρῶν
1550 1392 1621 1460 ἣν
1675 1391 1760 1444 ἐπὶ
1814 1402 1932 1455 τοῖς

237 1482 434 1536 ἁλοῦσι
495 1490 591 1551 τῆς
651 1480 830 1545 ξενίας
891 1483 1231 1550 τεθείκαμεν.
1294 1481 1342 1533 εἰ
1397 1477 1458 1533 δὲ
1512 1481 1613 1548 τὴν
1668 1481 1931 1534 δουλείαν

235 1573 600 1640 προστίθημι,
647 1569 761 1623 κατ’
809 1570 1091 1639 ἀμφότερα
1136 1570 1198 1622 τὸ
1246 1571 1503 1638 ψήφισμα
1558 1570 1794 1631 δεόντως
1841 1568 1929 1638 γέ-

235 1677 489 1729 γραπται,
529 1659 613 1712 ὅτι
651 1678 708 1712 τε
749 1660 1012 1727 φυλάττει
1051 1660 1153 1727 τὴν
1193 1659 1356 1726 δίκην
1393 1658 1495 1725 τὴν
1532 1657 1641 1710 ὑπὸ
1680 1666 1793 1710 τῶν
1835 1661 1927 1711 νό-

236 1768 356 1817 μων
416 1758 528 1801 τῶν
589 1751 841 1800 παλαιῶν
901 1756 1019 1809 τοῖς
1081 1745 1259 1810 ξένοις
1315 1746 1642 1815 ὁρισθεῖσαν
1696 1745 1787 1799 καὶ
1843 1746 1929 1799 ὅτι

235 1837 434 1906 κύριον
481 1836 843 1904 ἀποφαίνεται
891 1843 1092 1889 τοῦτον
1137 1843 1236 1888 τοῦ
1276 1834 1708 1903 Λημοσθένους,
1763 1834 1820 1898 ὃς
1869 1834 1929 1888 ἐκ

237 1932 332 1993 τῆς
370 1925 573 1978 τούτου
613 1927 867 1987 δουλείας
904 1925 970 1976 τὰ
1009 1922 1215 1992 μέγιστ’
1263 1925 1698 1992 ὠφεληθήσεται.
1737 1922 1825 1976 καὶ
1866 1924 1931 1977 τὸ

358 2030 382 2068 9
416 2040 483 2082 sq.
515 2025 635 2070 Plat.
668 2026 858 2070 Theaet.
891 2041 936 2082 p.
964 2026 1106 2069 178A
1229 2029 1283 2068 15
1315 2024 1435 2068 Plat.
1467 2025 1558 2083 leg.
1583 2024 1690 2069 VIII
1719 2040 1765 2081 p.
1790 2028 1875 2069 837
1895 2023 1928 2068 C

359 2120 382 2157 1
428 2115 662 2159 δεικνύειν
706 2114 871 2171 scripsi
910 2127 935 2159 e
970 2116 1131 2159 VaMa
1206 2115 1469 2159 ὃεικνύνειν
1493 2114 1662 2158 BLLa
1697 2113 1787 2158 edd

239 2179 264 2217 2
290 2174 612 2230 ἀναθημάτων
631 2175 720 2218 Μα
744 2174 826 2218 sed
851 2191 905 2231 γρ
929 2171 1179 2230 ἀθηναίων
1201 2187 1416 2230 suprascr
1432 2173 1502 2216 m²
1622 2177 1648 2216 3
1674 2172 1864 2229 ὃιήρηκε
1881 2173 1930 2216 Β

357 2238 384 2275 4
417 2233 471 2276 σὺ
503 2233 667 2288 scripsi
699 2234 888 2277 auctore
919 2233 987 2276 Re
1049 2233 1091 2277 εἰ
1114 2232 1221 2276 libri
1246 2232 1337 2276 edd
1459 2238 1484 2275 5
1516 2232 1596 2275 καὶ
1618 2231 1793 2275 inserui
1819 2233 1930 2276 anize

239 2290 477 2347 δημόσιον,
493 2294 601 2335 ante
617 2291 747 2347 παρὰ
765 2292 922 2335 Gasda
983 2305 1059 2335 om
1074 2291 1185 2335 libri
1202 2291 1294 2335 edd.
1416 2296 1440 2334 6
1460 2290 1621 2347 φήσειε
1638 2291 1743 2334 coni
1760 2290 1828 2335 Re

241 2355 263 2393 7
297 2358 433 2395 τοῦτο
465 2348 638 2406 τούμόν
671 2351 775 2395 coni
806 2351 874 2394 Re
901 2355 909 2407 Ι
935 2349 1032 2394 ἀλλ’
1073 2350 1113 2394 εἰ
1145 2351 1311 2406 scripsi
1344 2365 1367 2393 e
1395 2351 1483 2394 Ma
1544 2350 1622 2393 καὶ
1657 2350 1727 2393 Va
1751 2349 1834 2393 sed
1866 2349 1928 2407 μὴ

237 2409 362 2453 inser
384 2409 467 2465 m2,
492 2411 585 2454 BL
617 2410 699 2454 sed
722 2410 771 2453 in
796 2410 885 2454 hoc
908 2409 968 2467 μὴ
1001 2410 1126 2453 inser
1149 2409 1231 2463 m²‚
1265 2409 1345 2453 καὶ
1376 2409 1436 2465 μὴ
1463 2410 1538 2453 La
1570 2408 1660 2452 edd
1694 2408 1774 2452 sed
1808 2409 1928 2465 φημὶ

239 2468 344 2512 coni
376 2468 444 2512 Re
506 2470 547 2512 εἰ
577 2469 686 2526 ὑμῖν
717 2468 881 2513 Iacobs
915 2470 1026 2512 bech
1059 2472 1142 2511 110
1178 2470 1183 2524 Ι
1225 2468 1449 2518 λυσιτελὲς
1481 2464 1616 2512 εἶναι.
1649 2468 1729 2511 καὶ
1761 2466 1853 2523 μὴν
1885 2467 1931 2511 εἰ

238 2524 462 2577 λυσιτελές
495 2527 618 2572 ἐστιν
650 2528 754 2572 coni
786 2528 853 2571 Re
997 2531 1023 2571 8
1062 2525 1322 2583 προσέσθαι
1361 2526 1527 2583 scripsi
1567 2528 1753 2570 auctore
1785 2526 1854 2570 Re

238 2585 471 2642 προέσθαι
494 2585 602 2630 libri
628 2587 718 2630 edd
747 2589 752 2643 Ι
779 2586 960 2631 λέλυται
985 2587 1102 2631 VaB
1129 2589 1135 2642 Ι
1163 2583 1318 2642 νόμων
1351 2587 1467 2630 VaB
1590 2590 1614 2628 9
1645 2585 1697 2629 τὸ
1722 2585 1771 2628 in
1794 2598 1931 2642 marg

238 2645 282 2688 L
421 2650 472 2688 11
507 2651 588 2690 τοῦ
620 2653 782 2690 κοινοῦ
810 2648 898 2690 Μα
930 2646 1012 2689 sed
1041 2651 1123 2690 τοῦ
1155 2644 1280 2688 inser
1302 2644 1373 2688 m²
1516 2649 1570 2688 13
1603 2647 1773 2688 δοῦλον
1803 2644 1931 2687 inser

241 2703 353 2748 Ma²
493 2709 548 2748 14
579 2703 878 2759 παρενόμουν
903 2705 994 2749 Ma
1026 2704 1082 2748 cf.
1115 2719 1160 2759 p.
1187 2709 1331 2757 247‚5
1382 2706 1388 2760 1
1438 2701 1498 2748 ἂν
1530 2703 1705 2746 inserui
1738 2705 1927 2746 auctore

240 2762 396 2807 Gasda,
457 2777 533 2807 om
556 2762 665 2806 libri
690 2764 781 2806 edd
902 2768 956 2807 16
981 2761 1266 2819 προστίθημι
1294 2764 1362 2807 Va
1386 2763 1466 2806 sed
1498 2778 1618 2806 κατα
1644 2775 1783 2818 supra
1807 2774 1929 2816 προσ

238 2821 308 2865 m²
368 2820 650 2879 κατατίθημι
678 2823 816 2866 ΒΜα
938 2827 991 2866 17
1025 2821 1271 2878 φυλάττειν
1296 2823 1341 2866 Β
1376 2822 1382 2878 1
1421 2821 1535 2876 ὑπὲρ
1561 2822 1636 2865 La
1758 2825 1811 2863 19
1843 2825 1928 2864 τοῦ

240 2894 315 2924 orn
340 2881 429 2924 Ma
549 2886 606 2924 20
638 2880 832 2936 μάλιστα
858 2882 947 2925 Μα
980 2881 1061 2924 sed
1092 2898 1146 2938 γρ
1179 2878 1350 2938 μέγιστ’
1379 2881 1430 2923 in
1459 2893 1594 2935 marg
1621 2878 1691 2922 m'
1717 2880 1723 2936 Ι
1751 2876 1928 2936 ὠφελή-

241 2953 363 2983 σεται
391 2942 479 2984 Μα
507 2942 512 2996 Ι
541 2936 606 2983 ὧν
638 2943 747 2983 ante
777 2940 828 2983 τὸ
863 2941 1072 2984 VaBMa

1951 0 2010 288 γ
