2010 3168
565 129 1029 174 ATHENIENSIUM
1061 129 1357 175 DEFENSIO
1741 130 1811 182 59

117 269 380 337 λάθωμεν
420 265 799 329 ἀπολέσαντες.
840 262 906 319 οὗ
945 266 1107 335 χάριν
1145 264 1235 318 καὶ
1279 265 1615 335 ἐφειδόμεθα
1655 267 1811 320 οὐδε-

117 359 215 420 νὸς
254 365 365 409 τῶν
406 357 483 419 εἰς
529 356 770 424 δύναμιν
816 355 1089 423 ἡκόντων,
1137 353 1278 422 ἀλλ’,
1326 355 1472 418 ὅπως
1518 355 1813 425 ἀποχρῶσα

119 439 154 516 ᾗ
194 447 436 514 φυλακή,
486 445 680 498 πολλοὶ
719 445 822 513 μὲν
861 442 1034 498 ἐκεῖσε
1073 443 1332 507 πλέοντες
1379 439 1520 511 ἦσαν
1559 445 1617 497 οἶ
1653 458 1812 512 στρα-

117 544 329 598 τιῶται,
384 532 579 587 πολλοὶ
636 531 696 586 δὲ
745 535 966 596 εἰκότως
1011 532 1100 586 καὶ
1157 534 1210 586 οἱ
1264 532 1460 602 μισθοὶ
1511 532 1814 586 συνέπλεον

116 621 209 676 καὶ
233 620 593 692 τάναλώματα
617 621 707 676 καὶ
734 623 836 676 ὅσα
859 625 1026 676 τείνει
1050 623 1185 692 πρὸς
1216 625 1507 690 σωτηρίαν.
1550 622 1631 675 14.
1656 621 1811 675 ὑστέ-

119 732 203 780 ρει
265 712 327 765 δὲ
389 708 555 765 οὐδὲν
617 711 949 779 εὐδαίμονας
1010 708 1153 764 εἶναι
1208 711 1578 774 Ποτιδαιάτας
1639 712 1813 780 ἡσυχῆ

118 800 470 870 καθημένους
503 799 590 853 ἐπὶ
622 809 739 863 τοῖς
770 799 1057 869 σφετέροις
1088 804 1290 863 καλοῖς.
1330 799 1419 853 καὶ
1457 796 1598 868 ἦσαν
1632 800 1814 869 εὐδαί-

115 909 282 958 μονες
315 889 515 943 ἐκεῖνοι
547 891 640 943 διὰ
670 893 800 952 τοὺς
824 889 1166 959 Ἀθηναίους,
1192 889 1376 959 ὥσπερ
1406 888 1592 959 ἀμέλει
1623 891 1814 942 ἄθλιοι

118 977 193 1032 δι’
239 978 484 1042 ἐκείνους
522 981 677 1048 ἡμεῖς
717 979 1122 1046 ἀναλίσκοντες,
1162 978 1504 1047 ἐκπλέοντες,
1557 978 1814 1047 στρατεύ-

119 1087 300 1136 οντες,
350 1072 743 1136 πολεμοῦντες,
792 1067 881 1121 καὶ
928 1075 1100 1120 ταῦτα
1146 1068 1247 1137 οὐχ
1295 1068 1387 1120 ἵνα
1438 1068 1573 1136 ἡμᾶς
1613 1067 1815 1129 αὐτοὺς

118 1157 630 1226 περιποιησώμεθα,
678 1155 794 1210 ἀλλ’
843 1157 990 1219 ὅπως
1036 1156 1242 1226 ἑτέροις
1288 1158 1353 1209 τὰ
1404 1155 1600 1210 ἐνόντα
1639 1155 1814 1223 φυλά-

120 1245 323 1314 ξαιμεν.
379 1246 411 1299 ἃ
452 1247 514 1300 δὲ
551 1245 682 1309 τέως
721 1245 995 1316 ἀπένεμον
1035 1245 1158 1299 ἀντὶ
1197 1247 1412 1299 τούτων
1452 1246 1814 1298 Ποτιδαιᾶται

118 1342 194 1407 τῷ
251 1336 428 1407 δήμῳ,
483 1336 716 1405 αἰσχύνη
771 1336 862 1388 καὶ
917 1335 1112 1403 λέγειν.
1168 1335 1311 1389 οὕτω
1368 1335 1554 1403 φαύλη
1609 1353 1693 1396 τις
1746 1329 1815 1401 ἦν

120 1424 323 1493 δωρεά,
370 1428 582 1491 μᾶλλον
621 1421 683 1477 δὲ
723 1426 849 1478 σκιὰ
889 1426 1100 1494 δωρεᾶς
1136 1424 1168 1493 ἢ
1211 1421 1341 1478 οὐδὲ
1379 1431 1561 1477 τοῦτο.
1609 1422 1815 1490 εὐγνω-

118 1522 312 1580 μονεῖν
351 1511 567 1582 ἔφασαν
605 1512 694 1567 καὶ
735 1521 830 1582 τῆς
861 1513 1174 1582 εὐεργεσίας
1206 1513 1580 1567 αἰσθάνεσθαι
1614 1512 1703 1565 καὶ
1731 1510 1808 1564 60³

119 1603 409 1671 ὀνομάτων
461 1604 696 1656 τούτων*
745 1611 1053 1671 σωτῆρες,
1105 1604 1413 1672 φύλακες,
1461 1594 1815 1670 κηδεμόνες

118 1691 298 1759 ἡμῶν
334 1690 695 1760 Ἀθηναῖοι,
743 1692 776 1745 ἃ
815 1691 921 1745 κᾶν
968 1693 1134 1756 δυοῖν,
1179 1691 1405 1760 ὀβολοῖν
1451 1692 1671 1761 πρίαιτό
1715 1710 1815 1757 τις,

119 1781 180 1833 τὸ
219 1789 331 1834 πᾶν
363 1782 493 1850 ἡμῖν
526 1781 894 1851 ἀπεπλήρουν.
933 1779 1024 1834 καὶ
1056 1788 1220 1834 τοῦτο
1255 1781 1315 1834 δὲ
1348 1782 1453 1848 ἄρα
1484 1780 1591 1833 ὑπὸ
1624 1784 1815 1847 φιλαν-

116 1872 372 1940 θρωπίας
427 1869 793 1940 ἀποχρώντως
848 1867 994 1939 ἔχειν
1041 1869 1218 1923 ἐδόκει
1271 1870 1362 1923 καὶ
1411 1870 1504 1922 διὰ
1554 1877 1649 1937 τῆς
1688 1868 1815 1937 ὁμο-

121 1962 310 2027 λογίας
362 1967 458 2028 τῆς
511 1960 730 2029 χάριτος
782 1961 843 2012 τὸ
898 1967 1009 2012 πᾶν
1064 1958 1287 2028 ἀπέχειν
1339 1958 1813 2027 ὑπελαμβάνομεν.

120 2047 225 2100 κᾶν
264 2053 312 2101 εἰ
355 2047 512 2117 μέχρι
563 2046 755 2111 τέλους
800 2046 1041 2118 ᾑροῦντο
1098 2048 1442 2116 εὐγνώμονες
1496 2040 1659 2116 εἶναι,
1713 2047 1815 2100 οὐκ

122 2138 192 2188 ἄν
244 2136 373 2190 ποθ’
436 2138 470 2206 ἡ
524 2145 780 2206 παροῦσα
836 2135 1050 2205 ἐδέχετο
1106 2137 1240 2205 τύχη
1297 2137 1430 2190 οὐδὲ
1453 2185 1455 2187 .
1482 2138 1812 2204 μετεκινήθη

122 2226 309 2288 αὐτοῖς
362 2235 473 2278 τῶν
527 2225 770 2278 ἐνόντων
824 2225 1005 2279 οὐδέν.
1067 2224 1099 2293 ἦ
1144 2227 1287 2278 πολὺ
1342 2227 1610 2295 πρότερον
1664 2225 1816 2293 ἡμεῖς

121 2312 280 2367 τοῦθ’
341 2314 651 2382 ὑπέστημεν
705 2313 775 2367 ἂν
829 2315 862 2383 ἢ
917 2312 1117 2368 ἐκεῖνοι
1171 2313 1589 2381 προϊσταμένων
1646 2314 1814 2382 ἡμῶν.

127 2403 209 2456 15.
250 2403 278 2456 ὃ
319 2402 368 2455 δ’
415 2400 519 2456 οὖν
559 2402 762 2465 αὐτοὺς
801 2403 1046 2456 ἀπώλεσε
1085 2401 1175 2456 καὶ
1216 2404 1311 2466 τὰς
1347 2403 1648 2465 ἐνεστώσας
1688 2401 1813 2470 ἐπή-

123 2511 281 2558 νεγκε
321 2492 626 2561 συμφοράς,
666 2492 698 2560 ἡ
738 2493 873 2560 πρὸς
912 2491 1318 2561 ἀγνωμοσύνην
1349 2493 1619 2561 μεταβολὴ
1659 2490 1749 2544 καὶ
1782 2492 1814 2560 ἡ

245 2717 270 2756 3
302 2707 420 2768 ἦσαν
452 2712 618 2768 scripsi
650 2726 674 2757 c
699 2713 796 2756 LV
849 2707 968 2769 ᾖσαν
1002 2711 1140 2756 Schm
1286 2716 1339 2754 12
1375 2709 1604 2766 ἀπένεμεν
1638 2712 1677 2755 V

127 2777 181 2814 16
212 2771 390 2815 τούτων
421 2772 586 2828 scripsi
657 2777 740 2814 τοῦ
766 2772 862 2816 LV
889 2770 1026 2815 Schm
1172 2775 1225 2814 18
1258 2771 1310 2815 δὲ
1343 2770 1436 2825 ἄρα
1467 2770 1642 2815 inserui
1674 2783 1699 2813 e
1725 2770 1822 2815 LV

186 2844 260 2873 om
291 2830 430 2873 Schm
569 2835 621 2874 19
653 2830 735 2874 καὶ
766 2830 932 2886 scripsi
964 2845 988 2874 ο
1013 2831 1110 2873 LV
1166 2828 1193 2885 ἣ
1228 2829 1366 2873 Schm
1499 2833 1553 2872 23
1585 2828 1718 2885 ἡμεῖς
1746 2827 1815 2871 in-

124 2889 249 2933 serui
282 2902 306 2932 e
330 2890 426 2934 LV
482 2903 558 2933 om
590 2889 728 2933 Schm
849 2895 904 2932 25
939 2887 962 2934 ὃ
995 2890 1163 2945 scripsi
1196 2903 1219 2932 e
1255 2890 1298 2933 V
1354 2889 1376 2932 ὁ
1403 2889 1446 2933 L
1478 2887 1616 2932 Schm
1657 2889 1664 2946 Ι
1707 2886 1815 2942 ἐπή-

125 2963 258 3003 νεγκε
282 2947 448 3005 scripsi
472 2962 496 2992 e
522 2949 620 2993 LV
675 2947 906 3005 ἀπήνεγκε
932 2948 1070 2992 Schm

1838 1088 1881 1120 10

1839 1535 1881 1565 15

1838 2423 1880 2457 25
