2010 3168
217 123 323 177 288
684 124 914 170 LIBANH
944 124 1336 171 DECLAMATIO
1368 125 1474 170 xlx

215 264 394 312 σασθε
432 260 493 312 τὸ
533 261 605 329 μὴ
647 260 891 330 ῥηθῆναι
929 258 1054 330 παρ’
1094 257 1418 330 Ἀθηναίοις
1463 260 1603 334 ὑπὲρ
1645 262 1914 328 ἐκδόσεως

216 351 428 417 λόγους.

326 437 414 489 41.
453 435 594 505 Περὶ
643 434 704 490 δὲ
750 446 845 507 τῆς
882 441 1190 507 θυγατρός,
1236 437 1342 491 κᾶν
1386 439 1560 508 μηδὲν
1611 439 1913 510 ἐπισκήψω,

213 531 424 596 θαρρῶ.
465 528 704 589 πολλοὺς
745 526 882 597 αὐτῇ
922 530 1229 580 καταλείπω
1269 526 1504 596 πατέρας
1549 531 1682 592 τοὺς
1721 529 1912 583 ε’νταυ-

169 636 191 668 6
214 620 339 683 θοῖ,
386 616 518 677 τοὺς
565 616 711 683 παρὰ
757 625 874 678 τοῖς
920 616 1108 678 ἄλλοις
1153 613 1398 670 ἔθνεσιν.
1438 616 1506 670 οὐ
1560 618 1665 686 γὰρ
1705 619 1774 687 δὴ
1813 619 1912 673 τὸν

215 700 317 772 μὲν
363 702 571 773 πατέρα
622 703 791 773 αὐτῆς
838 703 1208 773 ἐστεφάνουν,
1256 705 1425 774 αὐτῆς
1464 703 1514 758 δ’
1560 706 1912 776 ἀμελήσουσι.

215 791 307 846 καὶ
352 796 411 846 τί
454 793 539 845 δεῖ
584 791 767 861 λέγειν
812 795 943 855 τοὺς
989 791 1121 846 καθ’
1165 792 1422 858 ἔκαστον;
1475 794 1503 847 ὁ
1553 796 1725 864 δῆμος
1771 796 1912 859 ἄπας

217 880 594 950 ἐπιμελήσεται
626 888 853 950 τροφῆς,
885 884 1154 951 νυμφίου,
1187 882 1392 950 γάμων.
1431 880 1536 936 κᾶν
1567 884 1736 952 ἄρρεν
1766 883 1911 954 τέκῃ,

215 968 586 1039 Λημοσθένης
626 974 757 1032 ἴσως
796 971 972 1039 ὄνομα
1004 970 1152 1042 αὐτῷ
1190 973 1494 1040 τεθήσεται.
1533 973 1912 1043 θυγατριδοῦς

150 1080 192 1112 ιο
219 1056 279 1111 δὲ
318 1060 367 1112 εἰ
399 1058 634 1127 γένοιτο,
666 1059 803 1129 τύχῃ
835 1058 954 1127 μέν,
986 1056 1028 1112 ὦ
1060 1062 1205 1127 θεοί,
1231 1058 1503 1126 διενέγκοι
1535 1068 1635 1113 τοῦ
1666 1060 1911 1129 πάππου,

215 1149 282 1200 τὰ
322 1146 369 1200 δ’
419 1149 556 1200 ἄλλα
596 1147 784 1217 ὅμοιος
822 1146 1057 1215 γένοιτο.

327 1237 414 1289 42.
461 1232 572 1307 ’Ἆρ’
625 1233 742 1289 ἔστι
796 1256 848 1289 τι
898 1237 1207 1290 ὑπόλοιπον
1260 1236 1415 1301 ἄξιον
1468 1239 1750 1307 εἰρῆσθαι,
1803 1239 1911 1291 ναί.

215 1325 384 1395 μικρά
431 1345 492 1393 γε
540 1327 625 1377 δεῖ
669 1328 800 1388 τοὺς
845 1324 1103 1395 πρέσβεις
1154 1325 1498 1389 ἀκούσαντας
1546 1325 1826 1379 ἀπελθεῖν.
1867 1323 1909 1380 ὦ

216 1415 466 1467 διάκονοι
504 1415 783 1483 τυράννου
823 1414 970 1484 παρὰ
1009 1415 1110 1483 τὴν
1151 1413 1309 1478 ἀξίαν
1347 1410 1410 1468 εὖ
1456 1413 1785 1484 πράξαντος,
1838 1415 1910 1478 ὡς

151 1524 192 1556 15
217 1503 454 1571 μεγάλης
492 1523 550 1556 τε
588 1503 680 1556 καὶ
727 1507 977 1572 λαμπροῖς
1024 1502 1246 1566 ἐλπίδος
1291 1503 1568 1573 ἡμάρτετε.
1608 1503 1765 1570 ὑμεῖς
1809 1503 1911 1570 μὲν

216 1590 399 1663 ᾤεσθέ
432 1611 498 1659 με
539 1590 836 1658 δεδεμένον
886 1590 1037 1654 ἄξειν
1082 1592 1229 1662 παρὰ
1275 1599 1375 1645 τοῦ
1423 1593 1600 1660 δήμου
1648 1594 1912 1660 λαβόντες

218 1681 310 1733 διὰ
357 1689 451 1749 τῆς
491 1679 718 1749 ἀγορᾶς,
774 1681 866 1733 διὰ
911 1681 1007 1748 τῆς
1040 1678 1377 1749 Ἐλευσῖνος,
1433 1681 1526 1733 διὰ
1565 1679 1909 1749 Πλαταιέων,

217 1769 308 1822 διὰ
352 1770 630 1837 Θηβαίων,
670 1769 764 1822 διὰ
808 1768 1064 1836 Φωκέων,
1105 1770 1198 1822 διὰ
1238 1773 1464 1837 Πυλῶν,
1506 1770 1597 1822 διὰ
1630 1770 1911 1839 Λαρίσσης

217 1856 530 1926 ἐλέγχοντες
576 1856 638 1910 ἐν
684 1855 803 1923 ἐμοὶ
851 1865 951 1910 τοῦ
999 1859 1178 1926 δήμου
1225 1859 1323 1910 τὸν
1368 1860 1599 1928 τρόπον,
1647 1859 1801 1911 ἄπιτε
1848 1858 1910 1911 δὲ

150 1967 194 1999 20
218 1955 403 2009 κεναῖς
441 1946 631 2016 χερσὶν
671 1947 883 2009 ἰδόντες
914 1946 1187 2015 εὐψυχίαν
1220 1947 1464 2017 ῥήτορος.
1503 1946 1589 1999 43.
1623 1946 1910 2014 ἀγγέλλετε
1958 2001 1960 2003 ,

216 2035 284 2103 δὴ
324 2042 399 2108 τῷ
434 2036 669 2106 δεσπότῃ
708 2034 948 2104 τάληθῆ,
1000 2034 1084 2088 ὅτι
1123 2035 1152 2088 ὁ
1197 2035 1299 2103 μὲν
1339 2036 1510 2103 δῆμος
1550 2035 1701 2088 οὔπω
1743 2037 1910 2104 δῆλος

335 2200 360 2237 3
393 2194 451 2238 of.
484 2211 530 2251 p.
556 2199 760 2251 273,19;
793 2198 990 2250 278‚10;
1022 2198 1121 2248 308,
1143 2199 1210 2238 14.
1245 2194 1374 2239 Dem.
1407 2210 1452 2251 p.
1481 2199 1586 2249 954,
1607 2199 1682 2248 15³
1716 2199 1817 2250 840,
1838 2199 1904 2239 15.

214 2253 430 2298 Aeschin.
473 2253 591 2298 Ctes.
625 2259 649 2307 ἓ
677 2258 747 2298 77.
793 2253 914 2298 Plut.
947 2254 1077 2298 Dem.
1112 2259 1181 2307 22,
1202 2259 1242 2298 2.
1290 2254 1369 2298 vib.
1395 2254 1436 2298 X
1469 2267 1532 2298 or.
1564 2269 1608 2310 p.
1632 2258 1759 2298 8470

218 2317 272 2356 10
306 2312 443 2370 Soph.
469 2313 541 2356 Ai.
569 2318 654 2356 550
778 2318 832 2356 14
865 2313 1006 2357 Thuc.
1035 2313 1119 2357 VH
1145 2318 1214 2367 77,
1235 2318 1256 2356 1
1382 2318 1436 2357 17
1462 2313 1518 2356 cf.
1544 2328 1590 2369 p.
1615 2317 1712 2368 310,
1734 2317 1787 2356 13

218 2376 270 2415 19
305 2372 361 2415 cf.
393 2387 438 2428 p.
467 2377 567 2427 269,
587 2378 641 2415 15

336 2523 360 2561 6
394 2517 478 2575 μὲν
512 2533 585 2563 om
610 2520 704 2563 Ath
754 2522 759 2574 Ι
809 2520 861 2564 δὲ
887 2521 981 2564 Ath
1011 2519 1103 2562 edd
1237 2523 1260 2563 7
1295 2518 1352 2575 δὴ
1377 2521 1423 2564 Ρ
1541 2522 1567 2561 8
1599 2517 1705 2577 τέκῃ
1740 2518 1905 2575 scripsi

215 2592 321 2621 cum
354 2577 509 2621 Gasda
570 2577 695 2622 τέκοι
725 2578 835 2621 libri
868 2578 960 2621 edd
1083 2582 1135 2620 12
1168 2592 1240 2621 τισ
1271 2577 1525 2629 ὑπόλοιπος
1548 2576 1679 2630 ἄξιοσ
1703 2579 1749 2621 Ρ
1776 2579 1826 2622 ei}
1848 2594 1903 2633 γρ

215 2638 265 2679 in
296 2651 430 2694 marg
462 2637 562 2680 Mor
707 2642 759 2679 16
801 2635 951 2696 ᾤεσθέ
989 2636 1155 2693 scripsi
1195 2651 1300 2680 cum
1334 2637 1490 2681 Gasda
1522 2639 1569 2680 eb
1601 2636 1772 2681 Cobeto
1805 2636 1905 2681 (2011

218 2700 302 2739 287
380 2695 539 2740 οἴεσθε
571 2695 679 2738 libri
712 2696 802 2738 edd
948 2699 1002 2739 19
1043 2697 1093 2740 ἐν
1126 2710 1196 2739 om
1226 2697 1319 2740 Ath
1461 2700 1516 2738 20
1548 2703 1708 2747 κεναῖς
1738 2695 1904 2751 scripsi

214 2754 350 2809 (Mus.
383 2755 470 2798 Rh.
494 2754 664 2797 XXXII
690 2756 761 2811 95)
794 2768 818 2797 e
844 2756 888 2798 P
918 2754 1009 2798 0011
1032 2754 1104 2798 t.1
1128 2759 1321 2809 500‚21;
1353 2757 1386 2799 t.
1404 2754 1467 2798 IV
1491 2758 1680 2809 492‚21;
1713 2758 1901 2808 830‚30;

215 2817 382 2867 835,25
400 2813 461 2867 R3
495 2826 563 2869 ep.
593 2819 677 2858 335
714 2827 817 2856 cum
842 2813 1095 2857 Abreschio
1129 2814 1190 2856 ad
1213 2813 1376 2857 Aesch.
1402 2813 1550 2857 Prom.
1579 2818 1633 2856 37
1660 2815 1706 2857 οὺ
1730 2812 1902 2858 Cobeto

214 2930 235 2972 I
274 2873 354 2917 κέν
372 2873 466 2916 Ath
494 2872 584 2915 edd
645 2873 734 2916 κάν
758 2872 830 2915 vel
855 2873 904 2916 ἐν
928 2872 1090 2916 Iacobs
1116 2872 1212 2916 Rev
1236 2878 1263 2915 4
1288 2874 1580 2929 (praesentes)
1613 2875 1660 2916 et
1683 2871 1900 2915 Philostr.

237 2945 295 2975 m.
331 2935 414 2974 668
