2010 3168
422 135 705 181 PARASITI
737 135 898 181 CENA
929 135 1241 180 FRAUDATI
1271 135 1494 181 ORATIO
1704 135 1812 188 569

123 277 292 325 eodem
324 293 421 339 quo
444 276 803 326 Ambrosianus
827 277 1098 338 exemplari
1120 276 1278 324 fluxit.
1326 276 1453 324 Vide
1484 279 1516 326 t.
1544 276 1596 324 Π
1618 293 1664 338 p.
1691 278 1723 323 4
1743 291 1814 337 sq.

122 350 346 400 Collatus
377 353 452 400 est
483 367 513 398 a
543 351 884 400 Boissonadio.

235 432 319 481 38.
351 432 684 481 Vaticanus
723 433 1043 482 Palatinus
1075 449 1146 496 gr.
1178 434 1285 480 360
1318 447 1443 480 saec.
1469 432 1587 480 XVI
1618 432 1701 480 fol.
1728 433 1813 480 40.

124 506 251 554 Vide
281 508 317 554 t.
342 506 394 553 H
423 523 470 568 p.
498 508 618 556 201.

231 588 272 635 E
307 603 484 651 genere
515 588 739 636 codicum
771 584 1144 636 ‘solitariorum'
1172 590 1310 636 sunt:

236 670 319 717 39.
355 669 788 718 Ambrosianus
828 670 868 717 E
897 670 963 716 81
1006 684 1114 731 sup.
1148 662 1279 735 (295
1320 669 1373 716 in
1414 669 1643 732 catalogo
1684 669 1814 716 Mar-

125 743 237 790 tinii
269 745 319 790 et
349 737 536 810 Bassii)
569 759 694 792 saec.
720 744 811 791 XV
843 744 927 792 fol.
955 745 1075 791 269.
1138 742 1266 790 Vide
1297 746 1333 790 t.
1358 742 1404 788 V
1434 760 1481 805 p.
1510 744 1616 790 294
1634 758 1705 805 sq.

236 825 319 873 40.
344 824 859 873 Darmstadiensis
879 826 1019 872 2773
1033 817 1207 891 (=D)
1218 824 1542 887 bombycinus
1560 817 1706 890 (21,7
1720 834 1789 874 ><
1818 835 1902 874 261

128 900 214 959 14,
234 900 264 946 3
292 891 392 965 cm)
411 900 596 947 saeculi
611 894 750 964 X1Vs
753 898 845 946 XV
867 899 1214 947 miscellaneus
1224 893 1267 964 1)
1284 898 1492 946 Parisiis
1517 914 1645 946 anno
1675 901 1816 947 1810

124 988 154 1020 a
178 971 350 1021 Bastio
382 975 580 1035 emptus
605 974 825 1021 continet
847 973 932 1021 fol.
961 975 1067 1022 170
1092 972 1504 1022 declamationem
1525 973 1816 1034 inscriptam

123 1047 447 1112 παράσιτος
486 1045 580 1095 ἐπὶ
620 1047 867 1096 δεῖπνον
905 1045 1152 1110 κληθεὶς
1182 1050 1280 1095 κτλ.
1318 1063 1429 1095 cum
1468 1047 1660 1111 glossis.
1722 1046 1818 1095 De·

123 1122 244 1168 sinit
275 1122 328 1168 in
359 1121 479 1169 folio
507 1125 533 1169 1
546 1124 608 1169 71
644 1121 806 1170 verbis
836 1119 883 1183 p.
913 1122 1033 1181 578,
1055 1122 1123 1168 14
1154 1116 1258 1169 ἀλλ’
1294 1120 1384 1185 οὐχ
1415 1120 1568 1169 ἴππον
1599 1120 1816 1183 αἰτήσας.

125 1193 336 1243 Crebrae
369 1198 487 1243 sunt
516 1211 718 1244 rasurae
751 1196 1177 1257 correctionesque
1208 1212 1359 1243 manu
1391 1195 1606 1245 secunda
1638 1196 1814 1243 factae.

125 1268 349 1317 Contulit
379 1286 543 1318 meum
575 1270 627 1316 in
658 1285 803 1318 usum
833 1269 1118 1318 Ludovicus
1149 1269 1391 1318 Voltzius.

241 1352 326 1398 41.
373 1350 413 1397 L
424 1352 820 1399 aurentianus
863 1350 1022 1398 LXIX
1064 1352 1131 1399 37
1181 1344 1276 1418 (=
1300 1345 1461 1417 Laur)
1510 1352 1795 1400 chartaceus
1821 1369 1907 1408 262

126 1426 317 1473 formae
350 1427 557 1487 quartae
590 1425 811 1473 continet
841 1425 926 1473 fol.
955 1427 1095 1474 1——3
1121 1441 1272 1473 manu
1303 1426 1490 1474 saeculi
1512 1426 1632 1473 XVI
1654 1426 1817 1490 negle-

123 1499 408 1560 gentissime
451 1502 707 1547 exaratam
745 1499 1154 1548 declamationem
1193 1517 1270 1548 πα
1280 1518 1306 1564 ρ
1317 1498 1348 1547 ά
1358 1514 1387 1548 σ
1397 1516 1416 1548 ι
1426 1517 1486 1548 το
1499 1519 1523 1558 ς
1564 1498 1659 1548 ἐπὶ
1705 1499 1732 1548 ὁ
1743 1517 1764 1548 ε
1776 1502 1819 1547 ῖ-

123 1590 274 1621 πνον
305 1575 410 1636 κλη
423 1571 555 1631 θεὶς
586 1577 684 1622 κτλ.

238 1653 474 1717 Sequitur
505 1655 607 1702 alia
636 1671 789 1702 manu
819 1656 976 1703 nitide
1009 1659 1240 1703 exaratus
1269 1648 1598 1704 Ἀπολλωνίου
1623 1653 1818 1714 ἀλεξαν-

126 1725 276 1792 δρέως
306 1728 430 1792 βίος.
493 1727 706 1778 Contuli.
769 1729 897 1778 Vide
929 1747 975 1791 p.
1004 1731 1125 1778 570.

239 1812 322 1858 42.
361 1810 844 1859 Vindobonensis
875 1811 996 1873 phil.
1031 1810 1235 1859 CCVIII
1273 1811 1560 1860 chartaceus
1607 1811 1795 1859 formae
1823 1829 1909 1868 263

131 1887 340 1946 quartae
386 1885 727 1933 miscellaneus
766 1885 917 1934 variis
963 1885 1192 1933 manibus
1241 1885 1426 1933 saeculi
1456 1885 1546 1932 XV
1591 1887 1820 1933 exaratus

127 1958 349 2007 continet
380 1959 463 2006 fol.
487 1959 778 2007 116—120
809 1958 1134 2024 παράσιτος
1166 1957 1260 2008 ἐπὶ
1293 1959 1424 2007 δειπ
1455 1952 1614 2024 (quod
1643 1975 1819 2006 manus

125 2033 371 2080 recentior
399 2034 452 2079 in
490 2033 693 2082 δεῖπνον
732 2027 1005 2099 supplevit)
1044 2052 1073 2080 κ
1084 2036 1109 2081 λ
1118 2052 1151 2096 η
1162 2037 1201 2081 θ
1210 2031 1286 2092 εὶς
1324 2034 1355 2097 β
1366 2051 1392 2082 ο
1402 2052 1434 2081 υ
1444 2036 1471 2081 λ
1481 2031 1505 2081 ό
1518 2053 1550 2096 μ,
1559 2051 1580 2082 ε
1590 2053 1620 2081 ν
1630 2051 1656 2082 ο
1667 2053 1692 2092 ς
1721 2036 1817 2081 κτλ.

125 2106 338 2168 Inspexi.

241 2254 316 2301 Ex
348 2254 425 2302 his
451 2269 573 2316 quos
596 2254 648 2301 in
674 2271 873 2303 censum
897 2255 1143 2303 vocandos
1168 2269 1272 2304 esse
1297 2254 1414 2302 duxi
1438 2254 1627 2303 codices
1653 2254 1819 2302 decem

132 2327 596 2376 CrHVPDBOlLa
607 2329 666 2378 Vi
678 2330 752 2377 Va
797 2344 965 2376 rursus
1011 2329 1063 2376 in
1110 2329 1232 2376 duas
1288 2328 1548 2377 discedunt
1601 2327 1819 2375 familias

130 2417 340 2464 quarum
371 2401 508 2463 prior
538 2402 784 2451 codicibus
819 2403 1110 2463 OrHVPD,
1153 2403 1312 2450 altera
1344 2402 1593 2451 codicibus
1626 2401 1819 2450 BGcLa

139 2476 199 2523 Vi
211 2473 283 2523 Va
325 2477 626 2536 continetur,
672 2478 745 2524 ita
784 2480 952 2524 tamen
991 2479 1048 2525 ut
1077 2476 1128 2523 B
1165 2476 1246 2524 hic
1285 2492 1481 2538 quoque
1521 2476 1614 2524 etsi
1659 2476 1819 2523 rarius

132 2566 284 2611 quam
315 2550 606 2612 plerumque
640 2551 821 2598 mixtae
853 2550 1150 2599 recensionis
1181 2551 1395 2613 vestigia
1433 2565 1552 2612 prae
1593 2565 1643 2597 se
1675 2550 1819 2597 ferat.

241 2630 630 2679 Necessitudinis
662 2647 778 2679 vero
810 2632 1064 2680 vinculum
1097 2647 1193 2693 quo
1234 2631 1418 2694 singuli
1459 2630 1646 2679 codices
1688 2630 1820 2677 inter

129 2705 181 2752 'se
214 2704 462 2752 coniuncti
494 2708 609 2753 sunt
638 2706 730 2753 hoc
760 2706 855 2753 tibi
886 2706 1060 2753 reddet
1091 2708 1322 2753 stemma:

252 2891 294 2945 1)
328 2887 393 2932 cf.
427 2891 461 2932 t.
485 2888 528 2931 11
558 2903 602 2944 p.
631 2894 714 2933 118
755 2892 802 2933 et
833 2890 882 2933 L.
916 2889 1052 2934 Voltz
1085 2891 1133 2933 et
1164 2889 1216 2933 G.
1251 2889 1470 2933 Croenert
1502 2888 1752 2933 Centralbl.
1787 2889 1816 2933 f.

132 2947 580 2991 Bibliothekswesen
612 2947 718 2991 XIV
747 2963 792 3004 p.
819 2953 904 2992 537
924 2963 988 3004 sq.
1289 2971 1314 2998 ρ
