2010 3168
130 1022 171 1054 10

130 1468 169 1499 15

205 63 308 114 116
679 63 905 108 LIBANII
934 61 1326 109 DECLAMATIO
1358 64 1443 108 XV

200 208 478 267 στοφῶντι
519 196 579 252 δὲ
610 199 875 253 τάναντία
914 201 1142 269 τούτων,
1182 208 1282 253 τοῦ
1315 197 1417 268 μὲν
1447 202 1654 269 τρόπου
1686 202 1890 264 παντὸς

198 287 492 356 ἐλάττωμα,
531 288 905 357 πλεονέκτημα
945 286 1006 342 δὲ
1045 291 1180 356 πρὸς
1219 291 1317 342 τὸν
1347 288 1474 357 παρ’
1514 290 1647 356 ὑμῖν
1686 289 1888 358 ἀγῶνα.

196 377 253 429 τί
288 373 392 429 οὖν
432 376 543 429 ἐστι
585 385 774 440 τοῦτο;
821 377 906 430 ὅτι
954 377 1058 445 ἐγὼ
1106 378 1207 446 μὲν
1256 379 1408 430 οὔπω
1460 380 1730 448 πρότερον
1769 378 1884 447 ἐλη-

197 466 385 528 λυθὼς
448 467 525 528 εἰς
585 466 646 518 τὸ
713 467 1069 536 δικαστήριον
1138 476 1250 519 τῶν
1318 467 1587 519 τοιούτων
1657 466 1890 534 ἀγώνων

199 554 433 623 ἀπείρως
472 557 594 623 ἔχω,
634 554 824 608 οὑτοσὶ
866 555 927 608 δὲ
964 558 1209 624 μονονοὺ
1242 554 1369 608 καθ’
1410 555 1643 624 ἑκάστην
1681 555 1890 625 ἡμέραν

196 645 521 712 κρινόμενος
554 643 990 713 ἐγγεγύμνασται
1022 653 1139 706 τοῖς
1172 645 1556 713 δικαστηρίοις.
1591 647 1704 698 ἔστι
1738 645 1816 712 δέ,
1843 646 1887 697 εἰ

196 729 296 800 μὲν
337 733 621 801 δικανικῆς
660 734 974 801 δεινότητος
1018 733 1050 802 ἡ
1092 735 1246 803 τιμή,
1293 737 1555 804 κρείττων
1595 733 1623 786 ὁ
1665 735 1760 796 τὰς
1798 753 1887 803 με-

197 823 384 888 γίστας
423 822 693 884 δοκούσας
733 825 911 885 αἰτίας
943 823 1387 893 διακρούσασθαι
1420 824 1702 891 δυνηθείς,
1740 824 1786 875 εἰ
1820 821 1889 891 δ’,

196 909 269 973 ὡς
308 910 336 963 ὁ
377 913 545 977 νόμος
584 914 739 979 φησί,
778 914 949 964 καλοῦ
989 915 1133 980 βίου,
1173 911 1202 964 ὁ
1242 910 1369 980 μηδ’
1409 912 1468 964 ἐν
1507 913 1742 982 ὑπονοίᾳ
1793 931 1890 964 πο-

195 1007 337 1070 νηρᾷ
374 1000 616 1068 γεγονὼς
658 999 719 1053 ἐν
758 1000 866 1073 ὅλῳ
899 1007 973 1074 τῷ
1007 1004 1122 1072 βίῳ.
1163 1000 1211 1053 3.
1243 1001 1419 1071 τούτῳ
1453 1001 1553 1069 μὲν
1585 997 1688 1054 οὖν
1721 1002 1768 1054 εἰ
1799 1004 1892 1054 καί

195 1108 276 1150 τις
324 1089 586 1157 ὠφείλετο
635 1088 763 1159 παρ’
810 1091 966 1159 ὑμῶν
1019 1090 1199 1159 χάρις,
1255 1090 1329 1152 ὡς
1384 1086 1554 1159 ἔγωγε
1609 1091 1711 1143 οὐκ
1765 1085 1889 1144 οἴδα

195 1175 324 1230 ἀνθ’
373 1177 530 1246 ὅτου,
579 1175 710 1231 οὐδὲ
760 1180 865 1248 γὰρ
914 1179 1078 1240 αὐτὸς
1124 1179 1193 1241 ὡς
1243 1174 1303 1231 εὖ
1351 1200 1401 1231 τι
1448 1180 1548 1231 τὸν
1587 1181 1763 1248 δῆμον
1802 1200 1889 1233 πε·

194 1268 450 1335 ποιηκώς,
491 1266 612 1321 ἀλλ’
658 1268 740 1320 ὅτι
778 1269 851 1337 μὴ
891 1279 1068 1331 κακῶς
1106 1268 1213 1320 ὑπὸ
1261 1276 1360 1320 τοῦ
1410 1269 1586 1336 δήμου
1623 1268 1888 1335 πέπονθε,

195 1356 372 1427 τούτῳ
414 1357 764 1425 σεμνύνεται,
811 1358 956 1426 πλὴν
1003 1360 1054 1410 εί
1097 1361 1193 1410 καί
1233 1378 1285 1409 τι
1330 1356 1591 1426 χρήσιμος
1629 1357 1763 1426 ὑμῖν
1802 1357 1883 1425 γε’-

195 1465 343 1513 γονε,
382 1446 482 1513 τὴν
517 1447 712 1514 ἱκανὴν
745 1449 867 1516 ἔχει.
909 1447 1098 1508 ὁσάκις
1130 1447 1299 1499 αὐτὸν
1332 1447 1732 1499 κινδυνεύοντα
1762 1447 1886 1516 περὶ

194 1542 287 1603 τῆς
343 1533 612 1603 ἐπιτιμίας
663 1535 694 1604 ἢ
741 1543 838 1603 τῆς
890 1537 1178 1604 πατρίδος,
1235 1538 1347 1588 ἔστι
1403 1534 1451 1587 δ’
1507 1535 1595 1588 ὅτε
1649 1534 1738 1587 καὶ
1789 1543 1887 1588 τοῦ

195 1626 321 1691 βίου
360 1623 672 1691 διεσώσατε,
714 1626 851 1677 ὥστε
890 1623 980 1685 καὶ
1021 1625 1159 1693 πρὸς
1198 1624 1441 1693 ὀφείλων
1481 1624 1613 1693 ὑμῖν
1653 1624 1888 1692 ἀναφαί-

193 1732 358 1766 νεται.
416 1713 444 1765 ὁ
502 1713 550 1766 δ’
613 1712 675 1766 ἐν
730 1713 921 1767 οὐδενὶ
978 1715 1199 1783 δεηθεὶς
1254 1713 1424 1781 ἀγῶνι
1479 1722 1572 1783 τῆς
1625 1713 1888 1782 ὑμετέρας

194 1801 414 1864 εὐνοίας
467 1801 556 1855 καὶ
617 1805 1041 1872 φιλανθρωπίας
1096 1804 1315 1865 εἰκότως
1370 1804 1462 1870 ἄν,
1526 1803 1612 1854 ὅτε
1667 1811 1887 1871 πρῶτον

130 1912 172 1944 20
197 1893 355 1958 αἰτῶ,
402 1892 635 1960 τύχοιμι.
688 1893 848 1954 ὄντος
896 1889 955 1944 δὲ
1002 1889 1092 1944 καὶ
1145 1893 1320 1958 μόνου
1368 1891 1594 1944 ἀκούετε
1640 1898 1738 1943 τοῦ
1787 1888 1888 1957 μὲν

313 2013 338 2049 3
382 2007 484 2063 Lys.
520 2022 582 2051 or.
612 2012 666 2050 19
698 2023 743 2064 p.
772 2012 916 2063 157‚4
1060 2012 1086 2050 4
1126 2007 1261 2051 Isocr.
1289 2021 1351 2050 or.
1378 2007 1463 2051 XV
1489 2013 1543 2051 26
1689 2012 1714 2050 8
1754 2007 1884 2050 Dem.

193 2081 294 2149 Ρ.
263 2070 362 2121 5ὂ6,
383 2072 437 2110 25
563 2072 616 2111 16
651 2067 706 2110 cf.
733 2083 777 2123 p.
807 2072 906 2122 160,
926 2072 951 2110 6
986 2069 1033 2110 et
1065 2071 1134 2111 23.
1168 2066 1383 2110 Aeschin.
1410 2082 1453 2123 p.
1482 2071 1552 2123 39,
1570 2071 1625 2110 42

299 2147 348 2213 1
369 2171 420 2214 τὸ
446 2172 491 2215 Ρ
624 2175 648 2213 3
682 2170 810 2215 οὔπω
839 2173 927 2215 Μα
960 2171 1041 2214 sed
1073 2185 1144 2214 πω
1178 2184 1280 2213 corr
1310 2170 1379 2212 m²
1513 2175 1540 2213 4
1570 2170 1621 2214 τὸ
1654 2169 1828 2213 inserui
1861 2184 1884 2212 e

195 2231 282 2273 Ma
344 2243 418 2272 om
445 2232 490 2274 P
517 2230 574 2273 cf.
608 2245 653 2285 p.
682 2235 781 2284 119,
803 2235 826 2273 7
950 2235 975 2273 ὅ
1008 2229 1306 2285 καθεκάστην
1333 2231 1378 2274 P
1506 2235 1532 2273 8
1565 2228 1777 2287 μεγίστας
1810 2243 1885 2272 om

191 2290 266 2342 ΡΙ
295 2289 523 2339 δοκούσας
554 2303 629 2332 om
657 2291 741 2333 Ma
863 2294 887 2332 9
922 2289 1018 2346 ὁ(1)
1056 2303 1130 2333 om
1157 2290 1246 2333 Ma
1289 2291 1294 2345 Ι
1334 2289 1393 2345 μὴ
1429 2287 1472 2332 δ’
1504 2291 1592 2333 Μα
1715 2294 1769 2331 10
1801 2304 1885 2332 πο-

190 2351 309 2415 νηρᾷ
342 2348 506 2416 scripsi
538 2348 627 2391 coll
658 2364 701 2404 p.
732 2352 830 2403 120,
852 2354 928 2402 11;
964 2353 1061 2401 122
1081 2353 1136 2391 23
1198 2346 1403 2404 πονηρὸς
1430 2350 1566 2393 ΜαΡ
1685 2353 1737 2390 12
1773 2344 1881 2392 οὐδὲ

192 2407 364 2481 scripsi
432 2407 535 2451 οὔτε
564 2409 700 2452 ΜαΡ
840 2414 894 2451 14
937 2407 1083 2466 τούτῳ
1126 2407 1290 2474 scripsi
1323 2422 1346 2450 e
1378 2410 1465 2451 Ma
1542 2415 1676 2451 τοῦτο
1703 2409 1748 2451 Ρ

193 2471 246 2508 15
281 2465 442 2518 ὁσακις
467 2493 520 2498 ——
549 2471 601 2510 17
636 2467 880 2511 διεσώσατε
907 2467 1057 2510 citant
1080 2467 1349 2521 praemissis
1379 2467 1528 2510 verbis
1556 2464 1771 2521 Κέφαλος
1793 2467 1884 2521 (om

191 2524 369 2579 Zonar.)
413 2523 562 2581 ρήτωρ
603 2528 694 2582 (om
733 2526 821 2569 lex
863 2526 1052 2569 Bachm
1097 2527 1143 2567 et
1183 2525 1363 2581 Zonar.)
1408 2529 1571 2569 auctor
1614 2530 1885 2580 συναγωγῆς

189 2582 353 2635 λέξεων
385 2583 617 2641 χρησίμων
643 2599 676 2628 s,
708 2600 749 2628 v.
777 2584 981 2638 ἐπιτιμία
1016 2585 1086 2627 ed.
1112 2584 1385 2627 Bachmann
1417 2585 1588 2628 Anecd.
1614 2584 1635 2627 I
1666 2599 1710 2639 p.
1738 2587 1837 2634 233,
1858 2587 1881 2626 9

190 2644 237 2685 et.
275 2644 355 2697 qui
396 2657 450 2687 ex
491 2657 546 2687 ca
590 2643 854 2687 libaverunb
895 2644 1061 2687 Suidas
1102 2645 1148 2686 et
1187 2643 1386 2686 Zonaras
1428 2659 1460 2686 s.
1498 2659 1538 2686 v.
1580 2641 1783 2697 ἐπιτιμία
1825 2642 1881 2685 cf.

189 2717 233 2757 p.
263 2707 358 2755 160,
380 2708 405 2745 6
529 2707 581 2744 16
617 2703 710 2746 ἔστι
743 2700 791 2746 δ’
830 2701 900 2746 ὅτε
934 2704 1032 2759 καὶ]
1058 2700 1084 2756 ἢ
1116 2702 1202 2745 lex,
1235 2702 1422 2745 Bachm.
1450 2703 1575 2745 Suid.
1603 2702 1762 2745 Zonar.

191 2765 243 2802 17
277 2762 451 2811 παντὸς
489 2764 595 2816 post
628 2760 732 2818 βίου
764 2761 851 2805 lex.
885 2762 1071 2804 Bachm.
1107 2761 1235 2805 Suid.
1270 2762 1429 2804 Zonar.
1480 2765 1487 2816 Ι
1537 2762 1652 2816 πρὸς
1685 2759 1883 2815 ὀφείλων

189 2819 353 2875 scripsi
415 2819 738 2875 προσοφείλων
767 2822 902 2864 ΜαΡ
931 2821 986 2864 cf.
1014 2835 1058 2875 p.
1088 2824 1186 2873 132,
1206 2825 1230 2863 6
1260 2822 1266 2876 Ι
1294 2821 1402 2875 ἡμῖν
1423 2823 1510 2864 Μα
1633 2824 1685 2862 19
1719 2818 1884 2869 ἀνοίας

189 2880 234 2922 Ρ
352 2884 407 2922 20
441 2877 585 2935 μόνον
613 2881 702 2923 Μα
