2010 3168
0 1386 23 1938 ¹·ffi55mmsz?··nf'-⁵
0 1340 14 1370 ἲ*
0 1268 3 1272 “
0 1223 4 1230 ·
0 1159 11 1174 ‚⁴

383 108 815 155 DEMOSTHENIS
847 108 918 153 SE
948 107 1309 153 INCUSANTIS
1342 107 1566 152 ORATIO
1705 108 1809 160 297

230 246 280 298 4.
321 247 467 299 Δότε
505 245 576 314 δή
611 265 705 312 μοι
744 245 912 314 μικρὰ
949 245 1076 314 περὶ
1111 254 1225 297 τῶν
1264 243 1386 313 ἐμοὶ
1424 243 1811 312 πεπολιτευμέ-

118 353 235 387 νων
273 335 522 388 διελθεῖν
558 332 650 386 καὶ
698 341 1068 403 κατηγορῆσαι
1107 331 1483 402 Δημοσθένην
1520 332 1813 402 Δημοσθέ-

54 453 58 457 ·
116 442 252 486 νους
295 422 367 485 ὡς
412 424 630 476 ἔνεστιν
675 425 852 485 ἄλλως
905 442 963 475 τε
1008 423 1100 476 καὶ
1149 431 1261 475 τῶν
1307 423 1642 492 πραγμάτων
1680 422 1813 488 ὑμῖν

119 512 198 574 εἰς
232 517 396 564 τοῦτο
439 511 845 580 ἀπηντηκότων.

228 600 657 669 Πολυπράγμων
696 600 966 669 ἐγενόμην
998 598 1051 663 ἐξ
1084 600 1253 670 ἀρχῆς
1285 598 1391 669 ἐγὼ
1429 598 1522 652 καὶ
1561 607 1811 661 τοιοῦτος

119 681 234 751 οἷος
287 688 472 751 οὐδεὶς
526 690 689 752 ἄλλος
741 698 855 742 τῶν
909 689 1185 759 ρητόρων,
1239 690 1329 742 καὶ
1377 690 1476 742 τὸν
1523 690 1701 758 δῆμον
1752 685 1814 740 ἐν

117 777 315 847 ἡσυχίᾳ
353 780 552 846 βιῶναι
592 781 937 847 βουλόμενον
975 777 1067 832 καὶ
1099 779 1389 845 θεώμενον
1427 779 1524 840 τὰς
1555 776 1691 839 θεάς
1720 775 1811 829 καὶ

114 866 210 929 τὰς
246 868 465 934 πομπὰς
503 867 675 936 ἡδέως
713 869 809 930 τὰς
846 878 958 921 τῶν
994 868 1320 921 Διονυσίων
1356 867 1812 937 περιεργάζεσθαι

113 953 204 1008 καὶ
251 956 493 1022 πόλεμον
531 954 816 1024 ἠνάγκασα
855 958 1114 1026 φρόνημα
1153 957 1341 1024 λαβὼν
1380 954 1675 1025 ἀλλότριον
1721 956 1811 1008 καὶ

112 1045 249 1098 κατὰ
294 1041 469 1113 μηδὲν
516 1044 634 1114 ἐμοὶ
680 1053 976 1114 προσῆκον.
1031 1049 1089 1098 τί
1138 1046 1243 1114 γὰρ
1299 1043 1418 1112 ἐμοὶ
1473 1052 1570 1112 τῆς
1616 1044 1810 1113 ἀρετῆς

113 1140 208 1202 τῆς
269 1133 589 1187 Μιλτιάδου
651 1142 916 1204 προσῆκες
978 1137 1037 1187 τί
1087 1135 1149 1188 δὲ
1210 1143 1321 1187 τῶν
1379 1132 1812 1201 Θεμιστοκλέους

112 1223 583 1291 κατορθωμάτων;
636 1225 692 1276 τί
729 1222 807 1290 δέ,
854 1228 911 1276 εἴ
951 1244 1005 1276 τι
1052 1224 1255 1292 σεμνὸν
1301 1221 1552 1292 ἐπράχθη
1593 1223 1811 1284 τούτοις

114 1319 230 1374 τοῖς
269 1311 608 1379 ἀνθρώποις,
647 1313 739 1365 καὶ
777 1310 957 1380 <ἐγὼ>
995 1313 1203 1380 ταύτην
1246 1313 1472 1380 εἱλόμην
1517 1313 1620 1380 τὴν
1657 1316 1811 1364 πολι-

113 1401 267 1453 τείαν
299 1401 425 1453 οὔτε
459 1398 674 1473 ἐμαυτῷ
701 1404 1098 1455 λυσιτελοῦσαν
1123 1402 1250 1454 οὔτε
1280 1401 1437 1470 ὑμῑν;
1478 1399 1526 1453 5.
1559 1400 1651 1453 καὶ
1682 1399 1811 1453 δέον

112 1489 215 1556 τὴν
254 1489 660 1560 Εὐθυκράτους
696 1488 788 1542 καὶ
829 1489 1160 1552 Λασθένους
1207 1493 1440 1558 ζηλῶσαι
1486 1492 1809 1557 προαίρεσιν

113 1587 226 1630 τῶν
265 1578 712 1646 εὐδοκιμούντων
750 1578 880 1631 νυνὶ
911 1580 1058 1648 παρὰ
1096 1585 1170 1650 τῷ
1206 1579 1494 1631 Μακεδόνι
1526 1577 1555 1630 ὁ
1587 1578 1811 1630 πάντων

115 1669 436 1729 σκαιότατος
475 1666 779 1734 ἐμισούμην
818 1667 924 1735 ἐγὼ
964 1669 1095 1729 τοὺς
1125 1669 1574 1736 τετελευτηκότας
1613 1667 1810 1733 σεμνύ-

113 1775 230 1808 νων
268 1754 390 1808 ἀντὶ
429 1764 539 1808 τῶν
572 1760 741 1822 θεῶν,
779 1758 912 1818 τοὺς
943 1755 1331 1818 ἀποθανόντας
1363 1757 1485 1809 ἀντὶ
1517 1763 1613 1824 τῆς
1644 1759 1809 1808 Πολι-

115 1843 271 1912 άδος,
325 1847 658 1912 Μαραθῶνα
696 1842 859 1913 (καὶ)
897 1849 1189 1914 Σαλαμῖνα
1245 1843 1368 1897 ἀντὶ
1422 1855 1535 1898 τῶν
1569 1842 1810 1898 Ἐλευσι-

115 1934 272 2001 νίων,
304 1931 396 1985 καὶ
428 1931 786 2001 βουλομένων
815 1934 1080 1996 πολλάκις
1115 1934 1272 2000 ὑμῶν
1305 1934 1678 1987 διαλύσασθαι
1711 1935 1809 2002 τὴν

114 2018 328 2091 ἔχθραν
367 2021 468 2088 τὴν
513 2022 650 2091 πρὸς
695 2024 976 2075 Φίλιππον
1022 2023 1188 2085 αὐτὸς
1235 2022 1504 2091 ἐγενόμην
1555 2021 1811 2092 ἐμποδὼν

115 2108 246 2162 δέον
298 2109 440 2179 ὑμᾶς
488 2108 550 2163 ἐν
595 2118 660 2180 τῇ
703 2114 993 2164 Θετταλῶν
1039 2110 1131 2164 καὶ
1171 2113 1450 2165 Δολόπων
1500 2112 1648 2175 τάξει
1686 2131 1810 2164 κατ-

235 2231 262 2270 8
295 2226 351 2270 cf.
377 2241 422 2283 p.
449 2231 550 2281 302,
568 2231 594 2270 5
622 2228 628 2283 Ι
659 2227 783 2271 nem.
821 2227 937 2271 Phil.
963 2227 1027 2270 IV
1050 2242 1095 2284 p.
1116 2232 1295 2278 150,24.
1329 2228 1533 2284 Aristog.
1551 2227 1654 2283 Hp.
1672 2231 1809 2282 805,3

235 2290 287 2328 11
315 2300 380 2341 sq.
408 2285 466 2330 cf.
491 2302 536 2343 p.
563 2290 662 2340 302,
682 2291 707 2330 5
726 2301 791 2342 sq.
933 2291 987 2330 15
1014 2287 1071 2330 cf.
1097 2287 1157 2330 ad
1181 2289 1213 2330 t.
1239 2286 1303 2330 III
1327 2291 1427 2340 464,
1444 2292 1497 2330 16
1640 2291 1694 2329 17
1718 2286 1812 2329 Ae-

117 2344 263 2388 schin.
289 2344 407 2389 Ctes.
442 2350 466 2397 ,S
494 2350 577 2388 152
702 2351 754 2389 18
788 2346 845 2390 cf.
878 2361 922 2403 p.
953 2351 1051 2399 184,
1071 2350 1093 2388 1
1221 2350 1274 2389 19
1308 2345 1364 2389 cf.
1390 2348 1424 2389 t.
1450 2346 1491 2390 V
1517 2350 1616 2399 505,
1637 2350 1690 2388 16

115 2408 171 2447 22
205 2403 262 2447 cf.
288 2406 322 2448 ἡ.
346 2404 409 2446 IV
434 2409 534 2459 299,
553 2409 602 2458 23
635 2408 803 2459 328,13
825 2405 873 2448 R..
919 2405 1050 2450 Dem.
1084 2418 1173 2449 cor.
1206 2420 1252 2462 p.
1279 2410 1378 2458 246,
1398 2410 1438 2449 2.
1482 2405 1589 2448 Her.
1614 2404 1699 2448 VH
1725 2410 1808 2447 132³.

237 2512 259 2550 1
294 2507 354 2563 δή
386 2508 552 2563 scripsi
614 2506 667 2552 δέ
688 2507 799 2551 libri
823 2508 892 2551 Re
1013 2513 1039 2551 2
1079 2506 1349 2565 ὃημοσθένῆ
1374 2509 1439 2552 Li
1461 2508 1579 2551 sed*
1614 2508 1691 2551 dcl

116 2571 142 2609 9
185 2563 388 2623 πόλεμον
427 2567 591 2623 scripsi
666 2569 882 2624 πολεμεῖν
921 2566 1032 2610 libri
1070 2567 1138 2611 Re
1283 2573 1335 2611 11
1380 2573 1462 2622 τῆς
1501 2581 1576 2611 om
1605 2568 1670 2610 Li

119 2630 174 2669 13
208 2625 296 2682 ἐγὼ
326 2626 502 2670 inserui
578 2639 653 2668 om
684 2626 791 2669 libri
822 2626 891 2670 Re
959 2627 1087 2683 κάγὼ
1120 2626 1225 2671 coni
1255 2626 1418 2670 Iacobs
1450 2626 1564 2670 Lech
1597 2630 1681 2669 150
1714 2625 1810 2670 Rev

117 2689 204 2727 425
252 2684 418 2728 Schulz
455 2689 508 2728 57
663 2689 718 2728 15
761 2682 1038 2736 Λασθένους
1084 2685 1248 2741 scripsi
1297 2698 1322 2728 e
1362 2686 1425 2730 Li
1471 2685 1612 2741 (MuS.
1660 2685 1806 2728 Rhen.

37 2789 42 2792 ,
116 2742 286 2787 XXXII
311 2747 389 2801 91)
431 2758 536 2788 cum
575 2743 784 2787 Weiskio
818 2745 925 2800 Hyp
956 2744 999 2787 11
1023 2748 1049 2787 8
1090 2746 1138 2787 et
1173 2744 1356 2801 Roggio
1397 2743 1496 2787 Lib.
1529 2743 1650 2800 apol.
1676 2748 1732 2787 81

118 2801 440 2854 καλασθένους
470 2805 527 2847 Η
534 2803 803 2847 VMatMon
879 2802 1229 2854 Καλλισθένους
1258 2803 1326 2846 Re
1472 2807 1524 2845 17
1570 2803 1810 2858 σεμνύνων

118 2861 282 2918 scripsi
315 2863 503 2905 auclore
535 2862 716 2905 Sinteni
748 2862 839 2906 coll
868 2877 913 2918 p.
943 2867 1044 2916 307,
1063 2866 1112 2916 63
1145 2867 1245 2916 814,
1266 2867 1319 2904 12
1384 2861 1567 2917 ὀμνύων
1598 2861 1709 2905 libri
1740 2861 1808 2904 Re

238 2924 292 2963 19
325 2921 406 2964 καὶ
435 2920 611 2965 inserui
671 2933 748 2964 om
778 2921 888 2964 libri
918 2920 987 2964 Re
1109 2925 1166 2963 20
1197 2922 1325 2977 ὑμῶν
1357 2919 1577 2971 πολλάκις
1600 2921 1665 2964 Li

1859 621 1878 652 5

1838 1067 1880 1098 10

1836 1511 1879 1543 15
