<?xml version="1.0" encoding="UTF-8"?>
<!DOCTYPE html PUBLIC "-//W3C//DTD XHTML 1.0 Transitional//EN"
    "http://www.w3.org/TR/xhtml1/DTD/xhtml1-transitional.dtd">
<html xmlns="http://www.w3.org/1999/xhtml" xml:lang="en" lang="en">
 <head>
  <title>
</title>
<meta http-equiv="Content-Type" content="text/html;charset=utf-8" />
  <meta name='ocr-system' content='tesseract 3.04.00' />
  <meta name='ocr-capabilities' content='ocr_page ocr_carea ocr_par ocr_line ocrx_word'/>
</head>
<body>
  <div class='ocr_page' id='page_1' title='image "./operarecensuitri06libauoft_0657.png"; bbox 0 0 2010 3168; ppageno 0'>
   <div class='ocr_carea' id='block_1_1' title="bbox 492 99 1834 153">
    <p class='ocr_par' dir='ltr' id='par_1_1' title="bbox 492 99 1834 153">
     <span class='ocr_line' id='line_1_1' title="bbox 492 99 1834 153; baseline 0 -7"><span class='ocrx_word' id='word_1_1' title='bbox 492 100 687 146; x_wconf 82' lang='lat' dir='ltr'>INVIDI</span> <span class='ocrx_word' id='word_1_2' title='bbox 718 101 788 146; x_wconf 89' lang='lat' dir='ltr'><strong><em>SE</em></strong></span> <span class='ocrx_word' id='word_1_3' title='bbox 818 99 1199 145; x_wconf 82' lang='lat' dir='ltr'><strong>DEFERENTIS</strong></span> <span class='ocrx_word' id='word_1_4' title='bbox 1232 99 1455 144; x_wconf 88' lang='lat' dir='ltr'><strong>ORATIO</strong></span> <span class='ocrx_word' id='word_1_5' title='bbox 1719 99 1834 153; x_wconf 81' lang='lat'><strong><em>649</em></strong></span> 
     </span>
    </p>
   </div>
   <div class='ocr_carea' id='block_1_2' title="bbox 122 235 1904 1549">
    <p class='ocr_par' dir='ltr' id='par_1_2' title="bbox 122 235 1904 1549">
     <span class='ocr_line' id='line_1_2' title="bbox 136 235 1833 306; baseline -0.002 -15"><span class='ocrx_word' id='word_1_6' title='bbox 136 238 274 291; x_wconf 83' lang='grc' dir='ltr'><strong><em>αὐτὰ</em></strong></span> <span class='ocrx_word' id='word_1_7' title='bbox 312 238 378 291; x_wconf 83' lang='grc' dir='ltr'><strong><em>τὰ</em></strong></span> <span class='ocrx_word' id='word_1_8' title='bbox 418 238 552 291; x_wconf 79' lang='grc' dir='ltr'><strong><em>ὄντα</em></strong></span> <span class='ocrx_word' id='word_1_9' title='bbox 596 242 802 290; x_wconf 82' lang='grc' dir='ltr'><em>πωλεῖν</em></span> <span class='ocrx_word' id='word_1_10' title='bbox 846 235 937 290; x_wconf 85' lang='grc' dir='ltr'><strong><em>καὶ</em></strong></span> <span class='ocrx_word' id='word_1_11' title='bbox 982 236 1269 306; x_wconf 81' lang='grc' dir='ltr'><strong><em>περιιόντα</em></strong></span> <span class='ocrx_word' id='word_1_12' title='bbox 1314 237 1606 306; x_wconf 77' lang='grc' dir='ltr'><strong><em>κηρύττειν</em></strong></span> <span class='ocrx_word' id='word_1_13' title='bbox 1652 241 1707 289; x_wconf 77' lang='grc' dir='ltr'><strong><em>εἴ</em></strong></span> <span class='ocrx_word' id='word_1_14' title='bbox 1746 256 1833 299; x_wconf 81' lang='grc' dir='ltr'><strong><em>τις</em></strong></span> 
     </span>
     <span class='ocr_line' id='line_1_3' title="bbox 136 323 1829 395; baseline -0.002 -15"><span class='ocrx_word' id='word_1_15' title='bbox 136 327 404 380; x_wconf 85' lang='grc' dir='ltr'><strong><em>ὠνεῖσθαι</em></strong></span> <span class='ocrx_word' id='word_1_16' title='bbox 458 326 716 395; x_wconf 88' lang='grc' dir='ltr'><strong><em>βούλεται</em></strong></span> <span class='ocrx_word' id='word_1_17' title='bbox 768 326 871 395; x_wconf 86' lang='grc' dir='ltr'><strong><em>τὴν</em></strong></span> <span class='ocrx_word' id='word_1_18' title='bbox 922 333 1024 379; x_wconf 87' lang='grc' dir='ltr'><strong><em>τοῦ</em></strong></span> <span class='ocrx_word' id='word_1_19' title='bbox 1077 324 1310 393; x_wconf 83' lang='grc' dir='ltr'><strong><em>πένητος</em></strong></span> <span class='ocrx_word' id='word_1_20' title='bbox 1364 327 1559 378; x_wconf 81' lang='grc' dir='ltr'><strong><em>οἰκίαν.</em></strong></span> <span class='ocrx_word' id='word_1_21' title='bbox 1612 323 1705 378; x_wconf 87' lang='grc' dir='ltr'><strong><em>καὶ</em></strong></span> <span class='ocrx_word' id='word_1_22' title='bbox 1760 325 1829 393; x_wconf 87' lang='grc' dir='ltr'><strong><em>δὴ</em></strong></span> 
     </span>
     <span class='ocr_line' id='line_1_4' title="bbox 133 410 1830 485; baseline 0 -18"><span class='ocrx_word' id='word_1_23' title='bbox 133 417 390 485; x_wconf 88' lang='grc' dir='ltr'><strong><em>πρόσεισί</em></strong></span> <span class='ocrx_word' id='word_1_24' title='bbox 423 433 521 478; x_wconf 85' lang='grc' dir='ltr'><strong><em>τις.</em></strong></span> <span class='ocrx_word' id='word_1_25' title='bbox 562 414 665 468; x_wconf 86' lang='grc' dir='ltr'><strong><em>οὐκ</em></strong></span> <span class='ocrx_word' id='word_1_26' title='bbox 700 413 769 467; x_wconf 78' lang='grc' dir='ltr'><strong><em>ἀν</em></strong></span> <span class='ocrx_word' id='word_1_27' title='bbox 809 410 914 468; x_wconf 81' lang='grc' dir='ltr'><strong><em>οὖν</em></strong></span> <span class='ocrx_word' id='word_1_28' title='bbox 953 418 1143 467; x_wconf 78' lang='grc' dir='ltr'><strong><em>οἴεσθε</em></strong></span> <span class='ocrx_word' id='word_1_29' title='bbox 1174 415 1274 467; x_wconf 91' lang='grc' dir='ltr'><strong><em>τὸν</em></strong></span> <span class='ocrx_word' id='word_1_30' title='bbox 1305 414 1579 466; x_wconf 85' lang='grc' dir='ltr'><strong><em>πλούσιον</em></strong></span> <span class='ocrx_word' id='word_1_31' title='bbox 1614 412 1830 467; x_wconf 81' lang='grc' dir='ltr'><strong><em>ἐκεῖνον</em></strong></span> 
     </span>
     <span class='ocr_line' id='line_1_5' title="bbox 134 498 1829 573; baseline -0.001 -16"><span class='ocrx_word' id='word_1_32' title='bbox 134 505 309 567; x_wconf 87' lang='grc' dir='ltr'><strong><em>εὐθὺς</em></strong></span> <span class='ocrx_word' id='word_1_33' title='bbox 346 503 518 557; x_wconf 87' lang='grc' dir='ltr'><strong><em>αὐτὸν</em></strong></span> <span class='ocrx_word' id='word_1_34' title='bbox 566 505 838 573; x_wconf 85' lang='grc' dir='ltr'><strong><em>φοβήσειν</em></strong></span> <span class='ocrx_word' id='word_1_35' title='bbox 884 503 975 556; x_wconf 83' lang='grc' dir='ltr'><strong><em>καὶ</em></strong></span> <span class='ocrx_word' id='word_1_36' title='bbox 1022 504 1207 566; x_wconf 80' lang='grc' dir='ltr'><strong><em>λίθοις</em></strong></span> <span class='ocrx_word' id='word_1_37' title='bbox 1252 501 1465 572; x_wconf 65' lang='grc' dir='ltr'><strong><em>ἐξελᾶν,</em></strong></span> <span class='ocrx_word' id='word_1_38' title='bbox 1521 504 1597 555; x_wconf 88' lang='grc' dir='ltr'><strong><em>σὺ</em></strong></span> <span class='ocrx_word' id='word_1_39' title='bbox 1646 500 1740 571; x_wconf 88' lang='grc' dir='ltr'><strong><em>δέ,</em></strong></span> <span class='ocrx_word' id='word_1_40' title='bbox 1786 498 1829 555; x_wconf 82' lang='grc' dir='ltr'><em>ὦ</em></span> 
     </span>
     <span class='ocr_line' id='line_1_6' title="bbox 132 590 1902 662; baseline -0.001 -17"><span class='ocrx_word' id='word_1_41' title='bbox 132 593 460 661; x_wconf 79' lang='grc' dir='ltr'><em>κάθαρμα,</em></span> <span class='ocrx_word' id='word_1_42' title='bbox 495 593 778 661; x_wconf 83' lang='grc' dir='ltr'><strong><em>πλησίον</em></strong></span> <span class='ocrx_word' id='word_1_43' title='bbox 808 593 1157 654; x_wconf 84' lang='grc' dir='ltr'><strong><em>οἰκοῦντος</em></strong></span> <span class='ocrx_word' id='word_1_44' title='bbox 1189 590 1344 659; x_wconf 83' lang='grc' dir='ltr'><strong><em>ἐμοῦ</em></strong></span> <span class='ocrx_word' id='word_1_45' title='bbox 1375 595 1615 662; x_wconf 81' lang='grc' dir='ltr'><strong><em>τολμᾷς</em></strong></span> <span class='ocrx_word' id='word_1_46' title='bbox 1646 590 1827 644; x_wconf 83' lang='grc' dir='ltr'><strong><em>ὠνεῖ·</em></strong></span> <span class='ocrx_word' id='word_1_47' title='bbox 1876 612 1902 643; x_wconf 69' lang='grc' dir='ltr'><strong><em>ε»</em></strong></span> 
     </span>
     <span class='ocr_line' id='line_1_7' title="bbox 134 677 1830 751; baseline -0.001 -17"><span class='ocrx_word' id='word_1_48' title='bbox 134 686 314 751; x_wconf 66' lang='grc' dir='ltr'><strong><em>σθαι,</em></strong></span> <span class='ocrx_word' id='word_1_49' title='bbox 374 679 574 735; x_wconf 83' lang='grc' dir='ltr'><strong><em>πλέον</em></strong></span> <span class='ocrx_word' id='word_1_50' title='bbox 636 680 896 749; x_wconf 80' lang='grc' dir='ltr'><strong><em>ἕτοιμος</em></strong></span> <span class='ocrx_word' id='word_1_51' title='bbox 964 680 1405 749; x_wconf 78' lang='grc' dir='ltr'><strong><em>καταβάλλειν</em></strong></span> <span class='ocrx_word' id='word_1_52' title='bbox 1475 679 1622 747; x_wconf 81' lang='grc' dir='ltr'><strong><em>ἐγώ,</em></strong></span> <span class='ocrx_word' id='word_1_53' title='bbox 1692 677 1830 732; x_wconf 82' lang='grc' dir='ltr'><strong><em>ἐπεὶ</em></strong></span> 
     </span>
     <span class='ocr_line' id='line_1_8' title="bbox 133 764 1831 839; baseline -0.001 -17"><span class='ocrx_word' id='word_1_54' title='bbox 133 770 329 839; x_wconf 82' lang='grc' dir='ltr'><strong><em>μικρά</em></strong></span> <span class='ocrx_word' id='word_1_55' title='bbox 375 789 483 839; x_wconf 93' lang='grc' dir='ltr'><strong><em>μοι</em></strong></span> <span class='ocrx_word' id='word_1_56' title='bbox 530 770 805 839; x_wconf 85' lang='grc' dir='ltr'><strong><em>φροντὶς</em></strong></span> <span class='ocrx_word' id='word_1_57' title='bbox 853 767 1159 838; x_wconf 77' lang='grc' dir='ltr'><strong><em>δαπάνης.</em></strong></span> <span class='ocrx_word' id='word_1_58' title='bbox 1222 767 1308 821; x_wconf 83' lang='grc'><strong><em>55.</em></strong></span> <span class='ocrx_word' id='word_1_59' title='bbox 1349 770 1547 823; x_wconf 89' lang='grc' dir='ltr'><strong><em>λοιπὸν</em></strong></span> <span class='ocrx_word' id='word_1_60' title='bbox 1587 764 1692 822; x_wconf 85' lang='grc' dir='ltr'><strong><em>οὖν</em></strong></span> <span class='ocrx_word' id='word_1_61' title='bbox 1729 769 1831 822; x_wconf 89' lang='grc' dir='ltr'><strong><em>τὸν</em></strong></span> 
     </span>
     <span class='ocr_line' id='line_1_9' title="bbox 134 854 1829 927; baseline -0.001 -17"><span class='ocrx_word' id='word_1_62' title='bbox 134 857 302 911; x_wconf 88' lang='grc' dir='ltr'><strong><em>οὐδέν</em></strong></span> <span class='ocrx_word' id='word_1_63' title='bbox 339 878 446 926; x_wconf 89' lang='grc' dir='ltr'><strong><em>μου</em></strong></span> <span class='ocrx_word' id='word_1_64' title='bbox 485 861 758 927; x_wconf 92' lang='grc' dir='ltr'><strong><em>πρότερον</em></strong></span> <span class='ocrx_word' id='word_1_65' title='bbox 796 857 999 927; x_wconf 81' lang='grc' dir='ltr'><strong><em>ἀμείνω</em></strong></span> <span class='ocrx_word' id='word_1_66' title='bbox 1039 857 1180 927; x_wconf 83' lang='grc' dir='ltr'><strong><em>τάμά</em></strong></span> <span class='ocrx_word' id='word_1_67' title='bbox 1216 859 1522 927; x_wconf 88' lang='grc' dir='ltr'><strong><em>πριάμενον</em></strong></span> <span class='ocrx_word' id='word_1_68' title='bbox 1561 854 1707 926; x_wconf 81' lang='grc' dir='ltr'><strong><em>ἔχειν</em></strong></span> <span class='ocrx_word' id='word_1_69' title='bbox 1738 855 1829 910; x_wconf 86' lang='grc' dir='ltr'><strong><em>καὶ</em></strong></span> 
     </span>
     <span class='ocr_line' id='line_1_10' title="bbox 122 943 1830 1017; baseline -0.001 -17"><span class='ocrx_word' id='word_1_70' title='bbox 122 948 305 1015; x_wconf 75' lang='grc' dir='ltr'><strong><em>Ιλόγον</em></strong></span> <span class='ocrx_word' id='word_1_71' title='bbox 366 946 426 1000; x_wconf 85' lang='grc' dir='ltr'><strong><em>ἐν</em></strong></span> <span class='ocrx_word' id='word_1_72' title='bbox 479 956 595 1010; x_wconf 83' lang='grc' dir='ltr'><strong><em>τοῖς</em></strong></span> <span class='ocrx_word' id='word_1_73' title='bbox 648 945 1030 1017; x_wconf 78' lang='grc' dir='ltr'><strong><em>ἐργαστηρίοις</em></strong></span> <span class='ocrx_word' id='word_1_74' title='bbox 1090 943 1234 1000; x_wconf 84' lang='grc' dir='ltr'><strong><em>εἶναι</em></strong></span> <span class='ocrx_word' id='word_1_75' title='bbox 1293 947 1494 1001; x_wconf 88' lang='grc' dir='ltr'><strong><em>πολύν·</em></strong></span> <span class='ocrx_word' id='word_1_76' title='bbox 1558 946 1587 1000; x_wconf 90' lang='grc' dir='ltr'><strong>ὁ</strong></span> <span class='ocrx_word' id='word_1_77' title='bbox 1643 947 1830 999; x_wconf 88' lang='grc' dir='ltr'><strong><em>δεῖνα</em></strong></span> 
     </span>
     <span class='ocr_line' id='line_1_11' title="bbox 134 1032 1904 1105; baseline 0 -17"><span class='ocrx_word' id='word_1_78' title='bbox 134 1035 437 1104; x_wconf 82' lang='grc' dir='ltr'><strong><em>ἀπέδοτο,</em></strong></span> <span class='ocrx_word' id='word_1_79' title='bbox 507 1035 535 1089; x_wconf 90' lang='grc' dir='ltr'>ὁ</span> <span class='ocrx_word' id='word_1_80' title='bbox 599 1037 784 1090; x_wconf 90' lang='grc' dir='ltr'><strong><em>δεῖνα</em></strong></span> <span class='ocrx_word' id='word_1_81' title='bbox 853 1033 1148 1105; x_wconf 80' lang='grc' dir='ltr'><strong><em>ἐπρίατο,</em></strong></span> <span class='ocrx_word' id='word_1_82' title='bbox 1217 1035 1246 1089; x_wconf 91' lang='grc' dir='ltr'>ὁ</span> <span class='ocrx_word' id='word_1_83' title='bbox 1316 1032 1433 1102; x_wconf 75' lang='grc' dir='ltr'><strong><em>μὲν</em></strong></span> <span class='ocrx_word' id='word_1_84' title='bbox 1501 1035 1830 1103; x_wconf 80' lang='grc' dir='ltr'><strong><em>εὐδαίμων</em></strong></span> <span class='ocrx_word' id='word_1_85' title='bbox 1852 1056 1904 1088; x_wconf 83' lang='grc' dir='ltr'><strong><em>ιο</em></strong></span> 
     </span>
     <span class='ocr_line' id='line_1_12' title="bbox 134 1121 1828 1193; baseline -0.001 -15"><span class='ocrx_word' id='word_1_86' title='bbox 134 1125 452 1179; x_wconf 84' lang='grc' dir='ltr'><strong><em>ὠνεῖσθαι</em></strong></span> <span class='ocrx_word' id='word_1_87' title='bbox 510 1124 896 1193; x_wconf 88' lang='grc' dir='ltr'><strong><em>δυνάμενος,</em></strong></span> <span class='ocrx_word' id='word_1_88' title='bbox 952 1123 981 1177; x_wconf 89' lang='grc' dir='ltr'>ὁ</span> <span class='ocrx_word' id='word_1_89' title='bbox 1036 1121 1084 1177; x_wconf 87' lang='grc' dir='ltr'><strong><em>δ’</em></strong></span> <span class='ocrx_word' id='word_1_90' title='bbox 1139 1125 1376 1187; x_wconf 79' lang='grc' dir='ltr'><strong><em>ἄθλιος</em></strong></span> <span class='ocrx_word' id='word_1_91' title='bbox 1428 1129 1671 1177; x_wconf 86' lang='grc' dir='ltr'><strong><em>πωλεῖν</em></strong></span> <span class='ocrx_word' id='word_1_92' title='bbox 1725 1127 1828 1193; x_wconf 91' lang='grc' dir='ltr'><strong><em>βε-</em></strong></span> 
     </span>
     <span class='ocr_line' id='line_1_13' title="bbox 133 1211 1830 1283; baseline 0 -17"><span class='ocrx_word' id='word_1_93' title='bbox 133 1213 502 1281; x_wconf 89' lang='grc' dir='ltr'><strong><em>βιασμένος.</em></strong></span> <span class='ocrx_word' id='word_1_94' title='bbox 564 1215 619 1266; x_wconf 89' lang='grc' dir='ltr'><strong><em>τί</em></strong></span> <span class='ocrx_word' id='word_1_95' title='bbox 656 1211 729 1282; x_wconf 87' lang='grc' dir='ltr'><strong><em>δ’,</em></strong></span> <span class='ocrx_word' id='word_1_96' title='bbox 769 1212 840 1266; x_wconf 74' lang='grc' dir='ltr'><strong><em>ἂν</em></strong></span> <span class='ocrx_word' id='word_1_97' title='bbox 894 1214 972 1277; x_wconf 82' lang='grc' dir='ltr'><strong><em>εἰς</em></strong></span> <span class='ocrx_word' id='word_1_98' title='bbox 1026 1213 1219 1283; x_wconf 78' lang='grc' dir='ltr'><strong><em>ἑτέραν</em></strong></span> <span class='ocrx_word' id='word_1_99' title='bbox 1262 1214 1589 1281; x_wconf 88' lang='grc' dir='ltr'><strong><em>μεταστάντι</em></strong></span> <span class='ocrx_word' id='word_1_100' title='bbox 1643 1214 1830 1283; x_wconf 87' lang='grc' dir='ltr'><strong><em>φυλὴν</em></strong></span> 
     </span>
     <span class='ocr_line' id='line_1_14' title="bbox 134 1299 1827 1373; baseline 0.001 -19"><span class='ocrx_word' id='word_1_101' title='bbox 134 1301 325 1372; x_wconf 78' lang='grc' dir='ltr'><strong><em>ἐπιστῇ</em></strong></span> <span class='ocrx_word' id='word_1_102' title='bbox 371 1301 538 1355; x_wconf 89' lang='grc' dir='ltr'><strong><em>πάλιν</em></strong></span> <span class='ocrx_word' id='word_1_103' title='bbox 582 1302 672 1355; x_wconf 82' lang='grc' dir='ltr'><strong><em>καὶ</em></strong></span> <span class='ocrx_word' id='word_1_104' title='bbox 718 1305 955 1371; x_wconf 86' lang='grc' dir='ltr'><strong><em>πλησίον</em></strong></span> <span class='ocrx_word' id='word_1_105' title='bbox 1009 1303 1274 1373; x_wconf 77' lang='grc' dir='ltr'><strong><em>οἰκοδομῇ</em></strong></span> <span class='ocrx_word' id='word_1_106' title='bbox 1321 1303 1424 1371; x_wconf 85' lang='grc' dir='ltr'><strong><em>τὴν</em></strong></span> <span class='ocrx_word' id='word_1_107' title='bbox 1468 1302 1666 1355; x_wconf 82' lang='grc' dir='ltr'><strong><em>πενίαν</em></strong></span> <span class='ocrx_word' id='word_1_108' title='bbox 1714 1299 1827 1371; x_wconf 81' lang='grc' dir='ltr'><strong><em>ἐρε-</em></strong></span> 
     </span>
     <span class='ocr_line' id='line_1_15' title="bbox 134 1388 1828 1463; baseline 0 -19"><span class='ocrx_word' id='word_1_109' title='bbox 134 1395 344 1460; x_wconf 83' lang='grc' dir='ltr'><strong><em>σχελῶν</em></strong></span> <span class='ocrx_word' id='word_1_110' title='bbox 366 1391 470 1460; x_wconf 85' lang='grc' dir='ltr'><strong><em>τὴν</em></strong></span> <span class='ocrx_word' id='word_1_111' title='bbox 493 1388 653 1460; x_wconf 80' lang='grc' dir='ltr'><strong><em>ἐμήν;</em></strong></span> <span class='ocrx_word' id='word_1_112' title='bbox 686 1392 919 1444; x_wconf 88' lang='grc' dir='ltr'><strong><em>δύναται</em></strong></span> <span class='ocrx_word' id='word_1_113' title='bbox 954 1391 1016 1444; x_wconf 79' lang='grc' dir='ltr'><strong><em>δὲ</em></strong></span> <span class='ocrx_word' id='word_1_114' title='bbox 1047 1391 1258 1463; x_wconf 78' lang='grc' dir='ltr'><strong><em>ὅτῳπερ</em></strong></span> <span class='ocrx_word' id='word_1_115' title='bbox 1291 1390 1360 1444; x_wconf 81' lang='grc' dir='ltr'><strong><em>ἂν</em></strong></span> <span class='ocrx_word' id='word_1_116' title='bbox 1394 1390 1558 1461; x_wconf 81' lang='grc' dir='ltr'><strong><em>ἐθέλῃ</em></strong></span> <span class='ocrx_word' id='word_1_117' title='bbox 1590 1392 1828 1459; x_wconf 90' lang='grc' dir='ltr'><strong><em>πλησίον</em></strong></span> 
     </span>
     <span class='ocr_line' id='line_1_16' title="bbox 134 1478 1898 1549; baseline 0 -17"><span class='ocrx_word' id='word_1_118' title='bbox 134 1481 323 1533; x_wconf 86' lang='grc' dir='ltr'><strong><em>οἰκεῖν.</em></strong></span> <span class='ocrx_word' id='word_1_119' title='bbox 360 1484 568 1533; x_wconf 82' lang='grc' dir='ltr'><strong><em>πωλεῖν</em></strong></span> <span class='ocrx_word' id='word_1_120' title='bbox 608 1481 793 1549; x_wconf 87' lang='grc' dir='ltr'><strong><em>δεήσει</em></strong></span> <span class='ocrx_word' id='word_1_121' title='bbox 831 1480 1001 1534; x_wconf 94' lang='grc' dir='ltr'><strong><em>πάλιν</em></strong></span> <span class='ocrx_word' id='word_1_122' title='bbox 1030 1478 1118 1533; x_wconf 84' lang='grc' dir='ltr'><strong><em>καὶ</em></strong></span> <span class='ocrx_word' id='word_1_123' title='bbox 1152 1481 1470 1549; x_wconf 84' lang='grc' dir='ltr'><strong><em>μεταπηδᾶν</em></strong></span> <span class='ocrx_word' id='word_1_124' title='bbox 1502 1482 1701 1534; x_wconf 78' lang='grc' dir='ltr'><strong><em>ἄλλοσε</em></strong></span> <span class='ocrx_word' id='word_1_125' title='bbox 1732 1478 1824 1533; x_wconf 84' lang='grc' dir='ltr'><strong><em>καὶ</em></strong></span> <span class='ocrx_word' id='word_1_126' title='bbox 1849 1498 1898 1533; x_wconf 68' lang='grc' dir='ltr'><strong><em>ιε</em></strong></span> 
     </span>
    </p>
   </div>
   <div class='ocr_carea' id='block_1_3' title="bbox 134 1584 489 1590">
    <p class='ocr_par' dir='ltr' id='par_1_3' title="bbox 134 1584 489 1590">
     <span class='ocr_line' id='line_1_17' title="bbox 134 1584 489 1590; baseline 0 0"><span class='ocrx_word' id='word_1_127' title='bbox 134 1584 489 1590; x_wconf 95' lang='lat' dir='ltr'><strong><em> </em></strong></span> 
     </span>
    </p>
   </div>
   <div class='ocr_carea' id='block_1_4' title="bbox 250 1639 1826 1697">
    <p class='ocr_par' dir='ltr' id='par_1_4' title="bbox 250 1639 1826 1697">
     <span class='ocr_line' id='line_1_18' title="bbox 250 1639 1826 1697; baseline 0 -13"><span class='ocrx_word' id='word_1_128' title='bbox 250 1645 278 1684; x_wconf 88' lang='grc'>4</span> <span class='ocrx_word' id='word_1_129' title='bbox 304 1639 361 1685; x_wconf 85' lang='lat' dir='ltr'><strong><em>cf.</em></strong></span> <span class='ocrx_word' id='word_1_130' title='bbox 387 1642 420 1684; x_wconf 61' lang='lat' dir='ltr'><strong><em>k.</em></strong></span> <span class='ocrx_word' id='word_1_131' title='bbox 445 1639 489 1683; x_wconf 91' lang='lat' dir='ltr'><strong><em>II</em></strong></span> <span class='ocrx_word' id='word_1_132' title='bbox 512 1644 679 1695; x_wconf 78' lang='lat'>267,11</span> <span class='ocrx_word' id='word_1_133' title='bbox 803 1645 828 1684; x_wconf 82' lang='lat'>5</span> <span class='ocrx_word' id='word_1_134' title='bbox 853 1640 994 1684; x_wconf 73' lang='lat' dir='ltr'>Arist.</span> <span class='ocrx_word' id='word_1_135' title='bbox 1021 1639 1143 1684; x_wconf 69' lang='lat' dir='ltr'><strong>Plut.</strong></span> <span class='ocrx_word' id='word_1_136' title='bbox 1162 1645 1248 1684; x_wconf 86' lang='lat'><strong><em>454</em></strong></span> <span class='ocrx_word' id='word_1_137' title='bbox 1374 1646 1427 1685; x_wconf 87' lang='lat'><strong><em>13</em></strong></span> <span class='ocrx_word' id='word_1_138' title='bbox 1453 1641 1510 1685; x_wconf 83' lang='lat' dir='ltr'><strong><em>cf.</em></strong></span> <span class='ocrx_word' id='word_1_139' title='bbox 1537 1641 1598 1684; x_wconf 77' lang='lat' dir='ltr'><strong><em>ad</em></strong></span> <span class='ocrx_word' id='word_1_140' title='bbox 1622 1655 1667 1697; x_wconf 90' lang='lat' dir='ltr'><strong><em>p.</em></strong></span> <span class='ocrx_word' id='word_1_141' title='bbox 1687 1645 1826 1694; x_wconf 81' lang='lat'>539‚2</span> 
     </span>
    </p>
   </div>
   <div class='ocr_carea' id='block_1_5' title="bbox 138 1723 493 1729">
    <p class='ocr_par' dir='ltr' id='par_1_5' title="bbox 138 1723 493 1729">
     <span class='ocr_line' id='line_1_19' title="bbox 138 1723 493 1729; baseline 0 0"><span class='ocrx_word' id='word_1_142' title='bbox 138 1723 493 1729; x_wconf 95' lang='lat' dir='ltr'><strong><em> </em></strong></span> 
     </span>
    </p>
   </div>
   <div class='ocr_carea' id='block_1_6' title="bbox 134 1771 1830 1878">
    <p class='ocr_par' dir='ltr' id='par_1_6' title="bbox 134 1771 1830 1878">
     <span class='ocr_line' id='line_1_20' title="bbox 134 1771 1830 1877; baseline 0.001 -59"><span class='ocrx_word' id='word_1_143' title='bbox 134 1833 204 1877; x_wconf 77' lang='lat' dir='ltr'><strong><em>Th</em></strong></span> <span class='ocrx_word' id='word_1_144' title='bbox 254 1779 308 1819; x_wconf 81' lang='lat'><strong><em>13</em></strong></span> <span class='ocrx_word' id='word_1_145' title='bbox 329 1771 602 1876; x_wconf 53' lang='grc' dir='ltr'><strong><em>ἅηρῖείΙωσαι</em></strong></span> <span class='ocrx_word' id='word_1_146' title='bbox 639 1773 691 1818; x_wconf 87' lang='grc' dir='ltr'><strong><em>τὸ</em></strong></span> <span class='ocrx_word' id='word_1_147' title='bbox 736 1774 1048 1832; x_wconf 81' lang='grc' dir='ltr'><strong><em>ἐρεσχελεῖν</em></strong></span> <span class='ocrx_word' id='word_1_148' title='bbox 1087 1773 1194 1819; x_wconf 81' lang='grc' dir='ltr'><strong><em>ἀντὶ</em></strong></span> <span class='ocrx_word' id='word_1_149' title='bbox 1231 1781 1314 1819; x_wconf 86' lang='grc' dir='ltr'><strong><em>τοῦ</em></strong></span> <span class='ocrx_word' id='word_1_150' title='bbox 1355 1773 1651 1829; x_wconf 78' lang='grc' dir='ltr'><strong><em>ἀτιμάζειν</em></strong></span> <span class='ocrx_word' id='word_1_151' title='bbox 1682 1774 1728 1817; x_wconf 91' lang='grc' dir='ltr'><strong><em>Β</em></strong></span> <span class='ocrx_word' id='word_1_152' title='bbox 1768 1773 1830 1819; x_wconf 73' lang='lat' dir='ltr'><strong><em>cf.</em></strong></span> 
     </span>
     <span class='ocr_line' id='line_1_21' title="bbox 207 1847 509 1878; baseline 0.003 -1"><span class='ocrx_word' id='word_1_153' title='bbox 207 1847 295 1877; x_wconf 89' lang='lat' dir='ltr'><strong><em>om.</em></strong></span> <span class='ocrx_word' id='word_1_154' title='bbox 382 1869 390 1878; x_wconf 94' lang='lat'><strong><em>.</em></strong></span> <span class='ocrx_word' id='word_1_155' title='bbox 445 1870 453 1878; x_wconf 90' lang='lat'><strong><em>.</em></strong></span> <span class='ocrx_word' id='word_1_156' title='bbox 500 1867 509 1877; x_wconf 87' lang='lat'><strong>.</strong></span> 
     </span>
    </p>
   </div>
   <div class='ocr_carea' id='block_1_7' title="bbox 137 1918 492 1924">
    <p class='ocr_par' dir='ltr' id='par_1_7' title="bbox 137 1918 492 1924">
     <span class='ocr_line' id='line_1_22' title="bbox 137 1918 492 1924; baseline 0 0"><span class='ocrx_word' id='word_1_157' title='bbox 137 1918 492 1924; x_wconf 95' lang='lat' dir='ltr'><strong><em> </em></strong></span> 
     </span>
    </p>
   </div>
   <div class='ocr_carea' id='block_1_8' title="bbox 133 1963 1835 2969">
    <p class='ocr_par' dir='ltr' id='par_1_8' title="bbox 253 1963 1833 2023">
     <span class='ocr_line' id='line_1_23' title="bbox 253 1963 1833 2023; baseline 0.001 -14"><span class='ocrx_word' id='word_1_158' title='bbox 253 1971 276 2009; x_wconf 90' lang='lat'>1</span> <span class='ocrx_word' id='word_1_159' title='bbox 309 1963 532 2021; x_wconf 84' lang='grc' dir='ltr'><strong><em>περιόντα</em></strong></span> <span class='ocrx_word' id='word_1_160' title='bbox 557 1968 613 2011; x_wconf 92' lang='lat' dir='ltr'><strong><em>H</em></strong></span> <span class='ocrx_word' id='word_1_161' title='bbox 618 1968 719 2011; x_wconf 88' lang='lat' dir='ltr'><strong><em>VM</em></strong></span> <span class='ocrx_word' id='word_1_162' title='bbox 727 1967 841 2012; x_wconf 71' lang='lat' dir='ltr'><strong><em>Vioz</em></strong></span> <span class='ocrx_word' id='word_1_163' title='bbox 871 1966 938 2010; x_wconf 79' lang='lat' dir='ltr'><strong><em>Re</em></strong></span> <span class='ocrx_word' id='word_1_164' title='bbox 1083 1972 1107 2010; x_wconf 90' lang='grc'>2</span> <span class='ocrx_word' id='word_1_165' title='bbox 1145 1969 1221 2012; x_wconf 87' lang='grc' dir='ltr'><strong><em>δεῖ</em></strong></span> <span class='ocrx_word' id='word_1_166' title='bbox 1240 1968 1317 2012; x_wconf 91' lang='lat' dir='ltr'><strong><em>La</em></strong></span> <span class='ocrx_word' id='word_1_167' title='bbox 1348 1967 1430 2011; x_wconf 83' lang='lat' dir='ltr'><strong><em>sed</em></strong></span> <span class='ocrx_word' id='word_1_168' title='bbox 1463 1974 1506 2011; x_wconf 82' lang='grc' dir='ltr'><strong><em>εἴ</em></strong></span> <span class='ocrx_word' id='word_1_169' title='bbox 1533 1967 1582 2010; x_wconf 88' lang='lat' dir='ltr'><strong><em>in</em></strong></span> <span class='ocrx_word' id='word_1_170' title='bbox 1614 1966 1643 2023; x_wconf 86' lang='grc' dir='ltr'>ὴ</span> <span class='ocrx_word' id='word_1_171' title='bbox 1675 1981 1777 2012; x_wconf 81' lang='lat' dir='ltr'><strong>con·</strong></span> <span class='ocrx_word' id='word_1_172' title='bbox 1806 1980 1833 2011; x_wconf 79' lang='lat' dir='ltr'>s</span> 
     </span>
    </p>

    <p class='ocr_par' dir='ltr' id='par_1_9' title="bbox 253 2023 1835 2099">
     <span class='ocr_line' id='line_1_24' title="bbox 253 2023 1835 2099; baseline 0 -30"><span class='ocrx_word' id='word_1_173' title='bbox 253 2030 279 2069; x_wconf 88' lang='lat'><strong>3</strong></span> <span class='ocrx_word' id='word_1_174' title='bbox 311 2023 520 2081; x_wconf 86' lang='grc' dir='ltr'><strong><em>πρόσεισι</em></strong></span> <span class='ocrx_word' id='word_1_175' title='bbox 543 2025 613 2078; x_wconf 87' lang='grc' dir='ltr'><strong><em>τίς</em></strong></span> <span class='ocrx_word' id='word_1_176' title='bbox 631 2027 768 2071; x_wconf 87' lang='lat' dir='ltr'><strong><em>MLa</em></strong></span> <span class='ocrx_word' id='word_1_177' title='bbox 794 2027 800 2085; x_wconf 87' lang='grc' dir='ltr'>Ι</span> <span class='ocrx_word' id='word_1_178' title='bbox 829 2023 915 2071; x_wconf 77' lang='grc' dir='ltr'><strong><em>οὖν</em></strong></span> <span class='ocrx_word' id='word_1_179' title='bbox 940 2040 1016 2070; x_wconf 90' lang='lat' dir='ltr'><strong><em>om</em></strong></span> <span class='ocrx_word' id='word_1_180' title='bbox 1033 2027 1142 2071; x_wconf 90' lang='lat' dir='ltr'><strong><em>PM</em></strong></span> <span class='ocrx_word' id='word_1_181' title='bbox 1258 2031 1283 2070; x_wconf 89' lang='lat'><strong>6</strong></span> <span class='ocrx_word' id='word_1_182' title='bbox 1315 2027 1595 2099; x_wconf 80' lang='grc' dir='ltr'><strong><em>καταβαλεῖν</em></strong></span> <span class='ocrx_word' id='word_1_183' title='bbox 1614 2026 1699 2071; x_wconf 89' lang='lat' dir='ltr'><strong><em>Mo</em></strong></span> <span class='ocrx_word' id='word_1_184' title='bbox 1726 2026 1835 2070; x_wconf 85' lang='lat' dir='ltr'><strong><em>Mor</em></strong></span> 
     </span>
    </p>

    <p class='ocr_par' dir='ltr' id='par_1_10' title="bbox 133 2082 1834 2542">
     <span class='ocr_line' id='line_1_25' title="bbox 255 2082 1824 2143; baseline 0.001 -15"><span class='ocrx_word' id='word_1_185' title='bbox 255 2089 278 2128; x_wconf 74' lang='lat'><strong><em>&#39;1</em></strong></span> <span class='ocrx_word' id='word_1_186' title='bbox 310 2098 468 2129; x_wconf 85' lang='lat' dir='ltr'>versus</span> <span class='ocrx_word' id='word_1_187' title='bbox 500 2085 664 2130; x_wconf 85' lang='grc' dir='ltr'><strong><em>λοιπὸν</em></strong></span> <span class='ocrx_word' id='word_1_188' title='bbox 698 2082 782 2130; x_wconf 80' lang='grc' dir='ltr'><strong><em>οὖν</em></strong></span> <span class='ocrx_word' id='word_1_189' title='bbox 814 2086 896 2130; x_wconf 88' lang='grc' dir='ltr'><strong><em>τὸν</em></strong></span> <span class='ocrx_word' id='word_1_190' title='bbox 936 2086 1020 2130; x_wconf 78' lang='grc' dir='ltr'><strong><em>οὐκ</em></strong></span> <span class='ocrx_word' id='word_1_191' title='bbox 1061 2085 1172 2143; x_wconf 75' lang='grc' dir='ltr'><strong><em>ἐμοῦ</em></strong></span> <span class='ocrx_word' id='word_1_192' title='bbox 1201 2087 1208 2143; x_wconf 88' lang='grc' dir='ltr'>Ι</span> <span class='ocrx_word' id='word_1_193' title='bbox 1235 2083 1462 2141; x_wconf 88' lang='grc' dir='ltr'><strong><em>πρότερον</em></strong></span> <span class='ocrx_word' id='word_1_194' title='bbox 1502 2083 1674 2142; x_wconf 85' lang='grc' dir='ltr'><strong><em>ἀμείνω</em></strong></span> <span class='ocrx_word' id='word_1_195' title='bbox 1714 2085 1824 2142; x_wconf 83' lang='grc' dir='ltr'><strong><em>τᾶμ’</em></strong></span> 
     </span>
     <span class='ocr_line' id='line_1_26' title="bbox 133 2141 1824 2203; baseline 0.001 -14"><span class='ocrx_word' id='word_1_196' title='bbox 133 2144 256 2203; x_wconf 80' lang='grc' dir='ltr'><strong><em>ἔχειν</em></strong></span> <span class='ocrx_word' id='word_1_197' title='bbox 279 2145 361 2188; x_wconf 78' lang='grc' dir='ltr'><strong><em>καὶ</em></strong></span> <span class='ocrx_word' id='word_1_198' title='bbox 384 2145 443 2200; x_wconf 81' lang='grc' dir='ltr'><strong><em>δὴ</em></strong></span> <span class='ocrx_word' id='word_1_199' title='bbox 467 2143 604 2202; x_wconf 79' lang='grc' dir='ltr'><strong><em>λόγον</em></strong></span> <span class='ocrx_word' id='word_1_200' title='bbox 632 2148 638 2201; x_wconf 74' lang='grc' dir='ltr'>Ι</span> <span class='ocrx_word' id='word_1_201' title='bbox 667 2145 717 2190; x_wconf 85' lang='grc' dir='ltr'><strong><em>ἐν</em></strong></span> <span class='ocrx_word' id='word_1_202' title='bbox 741 2152 889 2189; x_wconf 84' lang='grc' dir='ltr'><strong><em>τοῖσιν</em></strong></span> <span class='ocrx_word' id='word_1_203' title='bbox 916 2143 1235 2202; x_wconf 79' lang='grc' dir='ltr'><strong><em>ἐργαστηρίοις</em></strong></span> <span class='ocrx_word' id='word_1_204' title='bbox 1259 2141 1382 2190; x_wconf 85' lang='grc' dir='ltr'><strong><em>εἶναι</em></strong></span> <span class='ocrx_word' id='word_1_205' title='bbox 1412 2145 1580 2189; x_wconf 84' lang='grc' dir='ltr'><strong><em>πολύν·</em></strong></span> <span class='ocrx_word' id='word_1_206' title='bbox 1611 2146 1618 2200; x_wconf 92' lang='grc' dir='ltr'>Ι</span> <span class='ocrx_word' id='word_1_207' title='bbox 1647 2144 1671 2188; x_wconf 86' lang='grc' dir='ltr'>ὁ</span> <span class='ocrx_word' id='word_1_208' title='bbox 1704 2143 1824 2190; x_wconf 77' lang='grc' dir='ltr'><strong><em>δεῖν’</em></strong></span> 
     </span>
     <span class='ocr_line' id='line_1_27' title="bbox 133 2161 1833 2260; baseline 0.001 -13"><span class='ocrx_word' id='word_1_209' title='bbox 133 2161 363 2248; x_wconf 78' lang='grc' dir='ltr'><strong><em>ἀπέδοθ’·</em></strong></span> <span class='ocrx_word' id='word_1_210' title='bbox 399 2203 423 2248; x_wconf 89' lang='grc' dir='ltr'>ὁ</span> <span class='ocrx_word' id='word_1_211' title='bbox 450 2163 570 2249; x_wconf 87' lang='grc' dir='ltr'><strong><em>δεῖν’</em></strong></span> <span class='ocrx_word' id='word_1_212' title='bbox 598 2204 788 2260; x_wconf 80' lang='grc' dir='ltr'><strong><em>ἐπρίατο</em></strong></span> <span class='ocrx_word' id='word_1_213' title='bbox 813 2203 1078 2248; x_wconf 77' lang='lat' dir='ltr'>enucleavit</span> <span class='ocrx_word' id='word_1_214' title='bbox 1101 2204 1306 2248; x_wconf 84' lang='lat' dir='ltr'>Kockius</span> <span class='ocrx_word' id='word_1_215' title='bbox 1427 2209 1454 2248; x_wconf 92' lang='lat'>8</span> <span class='ocrx_word' id='word_1_216' title='bbox 1486 2220 1575 2260; x_wconf 88' lang='grc' dir='ltr'><strong><em>μου</em></strong></span> <span class='ocrx_word' id='word_1_217' title='bbox 1601 2205 1670 2248; x_wconf 87' lang='lat' dir='ltr'><strong><em>Va</em></strong></span> <span class='ocrx_word' id='word_1_218' title='bbox 1694 2204 1775 2248; x_wconf 86' lang='lat' dir='ltr'><strong><em>sed</em></strong></span> <span class='ocrx_word' id='word_1_219' title='bbox 1798 2221 1833 2249; x_wconf 79' lang='grc' dir='ltr'><strong><em>ν</em></strong></span> 
     </span>
     <span class='ocr_line' id='line_1_28' title="bbox 135 2261 1834 2336; baseline 0.002 -30"><span class='ocrx_word' id='word_1_220' title='bbox 135 2275 236 2307; x_wconf 87' lang='lat' dir='ltr'>corr</span> <span class='ocrx_word' id='word_1_221' title='bbox 266 2261 337 2306; x_wconf 77' lang='lat' dir='ltr'><strong><em>m&#39;</em></strong></span> <span class='ocrx_word' id='word_1_222' title='bbox 458 2268 514 2307; x_wconf 93' lang='lat'><strong><em>10</em></strong></span> <span class='ocrx_word' id='word_1_223' title='bbox 546 2262 736 2319; x_wconf 81' lang='grc' dir='ltr'><strong><em>ἐπρίατο</em></strong></span> <span class='ocrx_word' id='word_1_224' title='bbox 761 2264 837 2308; x_wconf 92' lang='lat' dir='ltr'><strong><em>La</em></strong></span> <span class='ocrx_word' id='word_1_225' title='bbox 869 2264 994 2308; x_wconf 82' lang='lat' dir='ltr'><strong><em>sed</em></strong></span> <span class='ocrx_word' id='word_1_226' title='bbox 1029 2277 1170 2336; x_wconf 82' lang='lat' dir='ltr'>supra</span> <span class='ocrx_word' id='word_1_227' title='bbox 1202 2280 1232 2307; x_wconf 92' lang='grc' dir='ltr'><strong><em>α</em></strong></span> <span class='ocrx_word' id='word_1_228' title='bbox 1266 2277 1367 2307; x_wconf 81' lang='lat' dir='ltr'><strong><em>eras</em></strong></span> <span class='ocrx_word' id='word_1_229' title='bbox 1401 2263 1488 2307; x_wconf 76' lang='lat' dir='ltr'><strong><em>et&#39;</em></strong></span> <span class='ocrx_word' id='word_1_230' title='bbox 1523 2277 1663 2319; x_wconf 78' lang='lat' dir='ltr'>supra</span> <span class='ocrx_word' id='word_1_231' title='bbox 1694 2279 1711 2307; x_wconf 90' lang='grc' dir='ltr'><strong><em>ι</em></strong></span> <span class='ocrx_word' id='word_1_232' title='bbox 1734 2277 1757 2307; x_wconf 81' lang='lat' dir='ltr'>s</span> <span class='ocrx_word' id='word_1_233' title='bbox 1779 2267 1834 2309; x_wconf 68' lang='lat' dir='ltr'><strong><em>et</em></strong></span> 
     </span>
     <span class='ocr_line' id='line_1_29' title="bbox 136 2320 1830 2379; baseline 0.002 -15"><span class='ocrx_word' id='word_1_234' title='bbox 136 2337 160 2365; x_wconf 93' lang='grc' dir='ltr'><strong><em>ο</em></strong></span> <span class='ocrx_word' id='word_1_235' title='bbox 190 2321 240 2365; x_wconf 91' lang='lat' dir='ltr'><strong><em>in</em></strong></span> <span class='ocrx_word' id='word_1_236' title='bbox 271 2335 347 2366; x_wconf 81' lang='lat' dir='ltr'><strong><em>ras</em></strong></span> <span class='ocrx_word' id='word_1_237' title='bbox 377 2337 411 2367; x_wconf 75' lang='lat' dir='ltr'><strong><em>‘n</em></strong></span> <span class='ocrx_word' id='word_1_238' title='bbox 534 2329 586 2367; x_wconf 90' lang='lat'><strong><em>11</em></strong></span> <span class='ocrx_word' id='word_1_239' title='bbox 619 2324 670 2368; x_wconf 78' lang='grc' dir='ltr'><strong><em>δὲ</em></strong></span> <span class='ocrx_word' id='word_1_240' title='bbox 696 2325 800 2368; x_wconf 84' lang='lat' dir='ltr'><strong><em>HV</em></strong></span> <span class='ocrx_word' id='word_1_241' title='bbox 929 2327 982 2366; x_wconf 93' lang='grc'><strong><em>12</em></strong></span> <span class='ocrx_word' id='word_1_242' title='bbox 1016 2320 1064 2367; x_wconf 91' lang='grc' dir='ltr'><strong><em>δ’</em></strong></span> <span class='ocrx_word' id='word_1_243' title='bbox 1094 2324 1169 2368; x_wconf 87' lang='lat' dir='ltr'><strong><em>La</em></strong></span> <span class='ocrx_word' id='word_1_244' title='bbox 1201 2323 1283 2367; x_wconf 84' lang='lat' dir='ltr'><strong><em>sed</em></strong></span> <span class='ocrx_word' id='word_1_245' title='bbox 1314 2323 1362 2366; x_wconf 89' lang='lat' dir='ltr'><strong><em>in</em></strong></span> <span class='ocrx_word' id='word_1_246' title='bbox 1397 2323 1444 2365; x_wconf 81' lang='grc' dir='ltr'><strong><em>αὶ</em></strong></span> <span class='ocrx_word' id='word_1_247' title='bbox 1478 2336 1579 2366; x_wconf 85' lang='lat' dir='ltr'>corr</span> <span class='ocrx_word' id='word_1_248' title='bbox 1607 2336 1631 2367; x_wconf 80' lang='grc' dir='ltr'><strong><em>ε</em></strong></span> <span class='ocrx_word' id='word_1_249' title='bbox 1657 2326 1663 2379; x_wconf 84' lang='grc' dir='ltr'>Ι</span> <span class='ocrx_word' id='word_1_250' title='bbox 1691 2338 1830 2378; x_wconf 84' lang='grc' dir='ltr'><strong><em>μετα-</em></strong></span> 
     </span>
     <span class='ocr_line' id='line_1_30' title="bbox 135 2380 1834 2439; baseline 0.002 -15"><span class='ocrx_word' id='word_1_251' title='bbox 135 2380 306 2424; x_wconf 83' lang='grc' dir='ltr'><strong><em>στάντα</em></strong></span> <span class='ocrx_word' id='word_1_252' title='bbox 340 2383 409 2426; x_wconf 92' lang='lat' dir='ltr'><strong><em>Va</em></strong></span> <span class='ocrx_word' id='word_1_253' title='bbox 531 2387 585 2427; x_wconf 82' lang='lat'><strong><em>13</em></strong></span> <span class='ocrx_word' id='word_1_254' title='bbox 617 2382 702 2439; x_wconf 84' lang='grc' dir='ltr'><strong><em>τὴν</em></strong></span> <span class='ocrx_word' id='word_1_255' title='bbox 725 2380 895 2426; x_wconf 84' lang='grc' dir='ltr'><strong><em>πενίαν</em></strong></span> <span class='ocrx_word' id='word_1_256' title='bbox 919 2409 974 2415; x_wconf 92' lang='grc'><strong>-</strong></span> <span class='ocrx_word' id='word_1_257' title='bbox 1003 2387 1058 2426; x_wconf 90' lang='grc'><strong><em>14</em></strong></span> <span class='ocrx_word' id='word_1_258' title='bbox 1090 2381 1203 2438; x_wconf 79' lang='grc' dir='ltr'><strong><em>ἐμήν</em></strong></span> <span class='ocrx_word' id='word_1_259' title='bbox 1234 2381 1502 2439; x_wconf 79' lang='lat' dir='ltr'>praemissis</span> <span class='ocrx_word' id='word_1_260' title='bbox 1542 2381 1693 2425; x_wconf 83' lang='lat' dir='ltr'>verbis</span> <span class='ocrx_word' id='word_1_261' title='bbox 1733 2381 1834 2437; x_wconf 77' lang='grc' dir='ltr'><strong><em>ἐρε-</em></strong></span> 
     </span>
     <span class='ocr_line' id='line_1_31' title="bbox 134 2438 1831 2542; baseline 0.002 -59"><span class='ocrx_word' id='word_1_262' title='bbox 134 2442 310 2542; x_wconf 48' lang='grc' dir='ltr'><strong><em>Ίξλεῖν</em></strong></span> <span class='ocrx_word' id='word_1_263' title='bbox 340 2440 393 2484; x_wconf 91' lang='grc' dir='ltr'><strong><em>τὸ</em></strong></span> <span class='ocrx_word' id='word_1_264' title='bbox 420 2441 671 2498; x_wconf 79' lang='grc' dir='ltr'><strong><em>ἀτιμάζειν.</em></strong></span> <span class='ocrx_word' id='word_1_265' title='bbox 705 2441 931 2499; x_wconf 86' lang='grc' dir='ltr'><strong><em>Λιβάνιος</em></strong></span> <span class='ocrx_word' id='word_1_266' title='bbox 963 2442 1012 2486; x_wconf 78' lang='grc' dir='ltr'><strong><em>ἐν</em></strong></span> <span class='ocrx_word' id='word_1_267' title='bbox 1042 2448 1098 2499; x_wconf 84' lang='grc' dir='ltr'><strong><em>τῇ</em></strong></span> <span class='ocrx_word' id='word_1_268' title='bbox 1129 2448 1211 2485; x_wconf 85' lang='grc' dir='ltr'><strong><em>τοῦ</em></strong></span> <span class='ocrx_word' id='word_1_269' title='bbox 1243 2444 1487 2498; x_wconf 80' lang='grc' dir='ltr'><strong><em>φθονεροῦ</em></strong></span> <span class='ocrx_word' id='word_1_270' title='bbox 1519 2438 1678 2499; x_wconf 83' lang='grc' dir='ltr'><strong><em>μελέτῃ</em></strong></span> <span class='ocrx_word' id='word_1_271' title='bbox 1712 2441 1831 2486; x_wconf 74' lang='lat' dir='ltr'><strong>citat</strong></span> 
     </span>
    </p>

    <p class='ocr_par' dir='ltr' id='par_1_11' title="bbox 207 2499 1831 2558">
     <span class='ocr_line' id='line_1_32' title="bbox 207 2499 1831 2558; baseline 0.001 -16"><span class='ocrx_word' id='word_1_272' title='bbox 207 2512 335 2542; x_wconf 84' lang='lat' dir='ltr'><strong><em>omas</em></strong></span> <span class='ocrx_word' id='word_1_273' title='bbox 366 2499 491 2557; x_wconf 81' lang='lat' dir='ltr'><strong><em>Mag</em></strong></span> <span class='ocrx_word' id='word_1_274' title='bbox 525 2514 558 2544; x_wconf 82' lang='lat' dir='ltr'><strong><em>s.</em></strong></span> <span class='ocrx_word' id='word_1_275' title='bbox 585 2516 623 2544; x_wconf 89' lang='lat' dir='ltr'>v</span> <span class='ocrx_word' id='word_1_276' title='bbox 657 2502 893 2556; x_wconf 78' lang='grc' dir='ltr'><strong><em>ἐριστικῶς</em></strong></span> <span class='ocrx_word' id='word_1_277' title='bbox 923 2516 967 2557; x_wconf 89' lang='lat' dir='ltr'><strong><em>p.</em></strong></span> <span class='ocrx_word' id='word_1_278' title='bbox 995 2506 1093 2555; x_wconf 83' lang='lat'>127,</span> <span class='ocrx_word' id='word_1_279' title='bbox 1112 2506 1136 2543; x_wconf 90' lang='grc'>2</span> <span class='ocrx_word' id='word_1_280' title='bbox 1156 2501 1196 2544; x_wconf 81' lang='lat' dir='ltr'>R</span> <span class='ocrx_word' id='word_1_281' title='bbox 1222 2502 1230 2554; x_wconf 86' lang='grc' dir='ltr'>Ι</span> <span class='ocrx_word' id='word_1_282' title='bbox 1259 2500 1504 2558; x_wconf 80' lang='grc' dir='ltr'><strong><em>ἐρεσχελῶν</em></strong></span> <span class='ocrx_word' id='word_1_283' title='bbox 1528 2501 1603 2544; x_wconf 90' lang='lat' dir='ltr'><strong><em>La</em></strong></span> <span class='ocrx_word' id='word_1_284' title='bbox 1628 2500 1709 2543; x_wconf 81' lang='lat' dir='ltr'><strong><em>sed</em></strong></span> <span class='ocrx_word' id='word_1_285' title='bbox 1734 2502 1831 2558; x_wconf 81' lang='grc' dir='ltr'><strong><em>ε(3)</em></strong></span> 
     </span>
    </p>

    <p class='ocr_par' dir='ltr' id='par_1_12' title="bbox 135 2558 1833 2969">
     <span class='ocr_line' id='line_1_33' title="bbox 137 2558 1688 2617; baseline 0.002 -17"><span class='ocrx_word' id='word_1_286' title='bbox 137 2570 191 2601; x_wconf 83' lang='lat' dir='ltr'><strong><em>ex</em></strong></span> <span class='ocrx_word' id='word_1_287' title='bbox 230 2575 260 2614; x_wconf 90' lang='grc' dir='ltr'><strong><em>η</em></strong></span> <span class='ocrx_word' id='word_1_288' title='bbox 297 2558 371 2602; x_wconf 85' lang='lat' dir='ltr'><strong><em>vel</em></strong></span> <span class='ocrx_word' id='word_1_289' title='bbox 413 2575 429 2602; x_wconf 92' lang='grc' dir='ltr'><strong><em>ι</em></strong></span> <span class='ocrx_word' id='word_1_290' title='bbox 468 2573 570 2603; x_wconf 85' lang='lat' dir='ltr'>corr</span> <span class='ocrx_word' id='word_1_291' title='bbox 607 2559 656 2603; x_wconf 92' lang='lat' dir='ltr'><strong><em>in</em></strong></span> <span class='ocrx_word' id='word_1_292' title='bbox 694 2573 770 2603; x_wconf 80' lang='lat' dir='ltr'><strong><em>ras</em></strong></span> <span class='ocrx_word' id='word_1_293' title='bbox 801 2575 824 2604; x_wconf 81' lang='grc' dir='ltr'><strong><em>ε</em></strong></span> <span class='ocrx_word' id='word_1_294' title='bbox 898 2561 1180 2617; x_wconf 83' lang='grc' dir='ltr'><strong><em>αἰρεσχηλῶν</em></strong></span> <span class='ocrx_word' id='word_1_295' title='bbox 1214 2560 1267 2604; x_wconf 90' lang='grc' dir='ltr'><em>Η</em></span> <span class='ocrx_word' id='word_1_296' title='bbox 1339 2560 1585 2617; x_wconf 81' lang='grc' dir='ltr'><strong><em>ἐνεσχελῶν</em></strong></span> <span class='ocrx_word' id='word_1_297' title='bbox 1619 2560 1688 2603; x_wconf 88' lang='lat' dir='ltr'><strong><em>Va</em></strong></span> 
     </span>
     <span class='ocr_line' id='line_1_34' title="bbox 137 2617 1833 2677; baseline 0.002 -18"><span class='ocrx_word' id='word_1_298' title='bbox 137 2620 193 2659; x_wconf 90' lang='grc'><strong><em>14</em></strong></span> <span class='ocrx_word' id='word_1_299' title='bbox 224 2631 310 2672; x_wconf 87' lang='grc' dir='ltr'><strong><em>περ</em></strong></span> <span class='ocrx_word' id='word_1_300' title='bbox 343 2634 405 2661; x_wconf 92' lang='grc' dir='ltr'><strong><em>αν</em></strong></span> <span class='ocrx_word' id='word_1_301' title='bbox 437 2617 575 2677; x_wconf 82' lang='grc' dir='ltr'><strong><em>ἐθέλῃ</em></strong></span> <span class='ocrx_word' id='word_1_302' title='bbox 610 2632 686 2663; x_wconf 90' lang='lat' dir='ltr'><strong><em>om</em></strong></span> <span class='ocrx_word' id='word_1_303' title='bbox 719 2620 804 2663; x_wconf 87' lang='lat' dir='ltr'><strong><em>Mo</em></strong></span> <span class='ocrx_word' id='word_1_304' title='bbox 949 2625 1002 2663; x_wconf 82' lang='lat'><strong><em>15</em></strong></span> <span class='ocrx_word' id='word_1_305' title='bbox 1044 2619 1309 2675; x_wconf 83' lang='grc' dir='ltr'><strong><em>οἰκοδομεῖν</em></strong></span> <span class='ocrx_word' id='word_1_306' title='bbox 1339 2635 1387 2663; x_wconf 90' lang='grc' dir='ltr'><strong><em>τε</em></strong></span> <span class='ocrx_word' id='word_1_307' title='bbox 1419 2619 1498 2662; x_wconf 80' lang='grc' dir='ltr'><strong><em>καὶ</em></strong></span> <span class='ocrx_word' id='word_1_308' title='bbox 1539 2620 1648 2662; x_wconf 78' lang='lat' dir='ltr'><strong><em>ante</em></strong></span> <span class='ocrx_word' id='word_1_309' title='bbox 1680 2618 1833 2663; x_wconf 82' lang='grc' dir='ltr'><strong><em>οἰκεῖν</em></strong></span> 
     </span>
     <span class='ocr_line' id='line_1_35' title="bbox 136 2677 1786 2752; baseline 0.001 -33"><span class='ocrx_word' id='word_1_310' title='bbox 136 2677 244 2720; x_wconf 87' lang='grc' dir='ltr'><strong><em>ΡΜ</em></strong></span> <span class='ocrx_word' id='word_1_311' title='bbox 282 2679 287 2730; x_wconf 87' lang='grc' dir='ltr'>Ι</span> <span class='ocrx_word' id='word_1_312' title='bbox 322 2689 479 2720; x_wconf 81' lang='lat' dir='ltr'>versus</span> <span class='ocrx_word' id='word_1_313' title='bbox 509 2677 649 2722; x_wconf 85' lang='grc' dir='ltr'><strong><em>πάλιν</em></strong></span> <span class='ocrx_word' id='word_1_314' title='bbox 684 2678 690 2735; x_wconf 91' lang='grc' dir='ltr'>Ι</span> <span class='ocrx_word' id='word_1_315' title='bbox 725 2680 895 2723; x_wconf 84' lang='grc' dir='ltr'><strong><em>πωλεῖν</em></strong></span> <span class='ocrx_word' id='word_1_316' title='bbox 928 2677 1084 2733; x_wconf 78' lang='grc' dir='ltr'><strong><em>δεήσει</em></strong></span> <span class='ocrx_word' id='word_1_317' title='bbox 1114 2679 1194 2722; x_wconf 79' lang='grc' dir='ltr'><strong><em>καὶ</em></strong></span> <span class='ocrx_word' id='word_1_318' title='bbox 1225 2680 1499 2752; x_wconf 82' lang='grc' dir='ltr'><strong><em>μεταπηδᾶν</em></strong></span> <span class='ocrx_word' id='word_1_319' title='bbox 1531 2677 1706 2732; x_wconf 84' lang='grc' dir='ltr'><strong><em>ἄλλοσε,</em></strong></span> <span class='ocrx_word' id='word_1_320' title='bbox 1740 2710 1750 2721; x_wconf 90' lang='grc'><strong>.</strong></span> <span class='ocrx_word' id='word_1_321' title='bbox 1777 2713 1786 2721; x_wconf 94' lang='grc'><strong>.</strong></span> 
     </span>
     <span class='ocr_line' id='line_1_36' title="bbox 135 2733 1831 2793; baseline 0.001 -15"><span class='ocrx_word' id='word_1_322' title='bbox 135 2733 309 2790; x_wconf 87' lang='grc' dir='ltr'><strong><em>δεινόν,</em></strong></span> <span class='ocrx_word' id='word_1_323' title='bbox 339 2751 446 2780; x_wconf 89' lang='grc' dir='ltr'><strong><em>τινα</em></strong></span> <span class='ocrx_word' id='word_1_324' title='bbox 476 2743 642 2781; x_wconf 85' lang='grc' dir='ltr'><strong><em>τοῦτον</em></strong></span> <span class='ocrx_word' id='word_1_325' title='bbox 672 2735 873 2793; x_wconf 87' lang='grc' dir='ltr'><strong><em>πόλεμον</em></strong></span> <span class='ocrx_word' id='word_1_326' title='bbox 912 2736 1120 2793; x_wconf 77' lang='grc' dir='ltr'><strong><em>ἐξεύρηκ’</em></strong></span> <span class='ocrx_word' id='word_1_327' title='bbox 1165 2735 1285 2793; x_wconf 83' lang='grc' dir='ltr'><strong><em>ἐμοί·</em></strong></span> <span class='ocrx_word' id='word_1_328' title='bbox 1316 2739 1322 2793; x_wconf 86' lang='grc' dir='ltr'>Ι</span> <span class='ocrx_word' id='word_1_329' title='bbox 1350 2734 1393 2780; x_wconf 83' lang='grc' dir='ltr'><strong><em>τί</em></strong></span> <span class='ocrx_word' id='word_1_330' title='bbox 1424 2737 1533 2792; x_wconf 75' lang='grc' dir='ltr'><strong><em>γάρς</em></strong></span> <span class='ocrx_word' id='word_1_331' title='bbox 1569 2735 1711 2781; x_wconf 88' lang='grc' dir='ltr'><strong><em>πάλιν</em></strong></span> <span class='ocrx_word' id='word_1_332' title='bbox 1741 2736 1831 2792; x_wconf 86' lang='grc' dir='ltr'><strong><em>τὴν</em></strong></span> 
     </span>
     <span class='ocr_line' id='line_1_37' title="bbox 135 2791 1831 2853; baseline 0.001 -17"><span class='ocrx_word' id='word_1_333' title='bbox 135 2791 292 2839; x_wconf 80' lang='grc' dir='ltr'><strong><em>οἰκίαν</em></strong></span> <span class='ocrx_word' id='word_1_334' title='bbox 332 2795 656 2853; x_wconf 81' lang='grc' dir='ltr'><strong><em>ἀποδώσομαι</em></strong></span> <span class='ocrx_word' id='word_1_335' title='bbox 645 2815 656 2825; x_wconf 88' lang='grc'><em>·</em></span> <span class='ocrx_word' id='word_1_336' title='bbox 700 2797 707 2851; x_wconf 84' lang='grc'>1</span> <span class='ocrx_word' id='word_1_337' title='bbox 748 2795 887 2840; x_wconf 84' lang='grc' dir='ltr'><strong><em>πάλιν</em></strong></span> <span class='ocrx_word' id='word_1_338' title='bbox 927 2812 973 2840; x_wconf 87' lang='grc' dir='ltr'><strong><em>τε</em></strong></span> <span class='ocrx_word' id='word_1_339' title='bbox 1012 2796 1134 2852; x_wconf 76' lang='grc' dir='ltr'><strong><em>τάμὰ</em></strong></span> <span class='ocrx_word' id='word_1_340' title='bbox 1167 2794 1500 2852; x_wconf 73' lang='grc' dir='ltr'><strong><em>σκευαγωγήσω</em></strong></span> <span class='ocrx_word' id='word_1_341' title='bbox 1534 2794 1689 2851; x_wconf 82' lang='grc' dir='ltr'><strong><em>φέρων</em></strong></span> <span class='ocrx_word' id='word_1_342' title='bbox 1717 2808 1831 2839; x_wconf 84' lang='lat' dir='ltr'><strong>enu-</strong></span> 
     </span>
     <span class='ocr_line' id='line_1_38' title="bbox 137 2851 1830 2911; baseline 0.002 -16"><span class='ocrx_word' id='word_1_343' title='bbox 137 2851 308 2897; x_wconf 76' lang='lat' dir='ltr'><strong><em>cleavit</em></strong></span> <span class='ocrx_word' id='word_1_344' title='bbox 338 2853 545 2898; x_wconf 82' lang='lat' dir='ltr'>Kockius</span> <span class='ocrx_word' id='word_1_345' title='bbox 573 2857 580 2911; x_wconf 88' lang='grc' dir='ltr'>Ι</span> <span class='ocrx_word' id='word_1_346' title='bbox 608 2854 760 2910; x_wconf 84' lang='grc' dir='ltr'><strong><em>δεήσει</em></strong></span> <span class='ocrx_word' id='word_1_347' title='bbox 783 2856 861 2899; x_wconf 87' lang='lat' dir='ltr'><strong><em>La</em></strong></span> <span class='ocrx_word' id='word_1_348' title='bbox 894 2856 973 2898; x_wconf 85' lang='lat' dir='ltr'><strong><em>sed</em></strong></span> <span class='ocrx_word' id='word_1_349' title='bbox 1006 2857 1057 2898; x_wconf 86' lang='grc' dir='ltr'><strong><em>δε</em></strong></span> <span class='ocrx_word' id='word_1_350' title='bbox 1089 2855 1139 2898; x_wconf 87' lang='lat' dir='ltr'><strong><em>in</em></strong></span> <span class='ocrx_word' id='word_1_351' title='bbox 1170 2869 1244 2899; x_wconf 78' lang='lat' dir='ltr'><strong><em>ras</em></strong></span> <span class='ocrx_word' id='word_1_352' title='bbox 1275 2869 1298 2899; x_wconf 84' lang='lat' dir='ltr'>s</span> <span class='ocrx_word' id='word_1_353' title='bbox 1358 2854 1515 2909; x_wconf 88' lang='grc' dir='ltr'><strong><em>δεήσοι</em></strong></span> <span class='ocrx_word' id='word_1_354' title='bbox 1548 2856 1593 2898; x_wconf 88' lang='grc' dir='ltr'><em>Ρ</em></span> <span class='ocrx_word' id='word_1_355' title='bbox 1651 2853 1830 2910; x_wconf 82' lang='grc' dir='ltr'><strong><em>δεήσειέ</em></strong></span> 
     </span>
     <span class='ocr_line' id='line_1_39' title="bbox 137 2912 967 2969; baseline 0.005 -14"><span class='ocrx_word' id='word_1_356' title='bbox 137 2926 190 2967; x_wconf 88' lang='grc' dir='ltr'><strong><em>με</em></strong></span> <span class='ocrx_word' id='word_1_357' title='bbox 223 2913 282 2956; x_wconf 79' lang='lat' dir='ltr'><strong><em>Vi</em></strong></span> <span class='ocrx_word' id='word_1_358' title='bbox 307 2914 315 2969; x_wconf 87' lang='grc'>1</span> <span class='ocrx_word' id='word_1_359' title='bbox 342 2913 421 2957; x_wconf 75' lang='grc' dir='ltr'><strong><em>καὶ</em></strong></span> <span class='ocrx_word' id='word_1_360' title='bbox 452 2912 593 2958; x_wconf 86' lang='grc' dir='ltr'><strong><em>πάλιν</em></strong></span> <span class='ocrx_word' id='word_1_361' title='bbox 626 2913 786 2959; x_wconf 83' lang='grc' dir='ltr'><strong><em>ἄλλοσε</em></strong></span> <span class='ocrx_word' id='word_1_362' title='bbox 818 2928 892 2958; x_wconf 91' lang='lat' dir='ltr'><strong><em>om</em></strong></span> <span class='ocrx_word' id='word_1_363' title='bbox 922 2916 967 2959; x_wconf 91' lang='lat' dir='ltr'><em>B</em></span> 
     </span>
    </p>
   </div>
  </div>
 </body>
</html>
