2010 3168
664 124 989 170 HYPERIDIS
1022 124 1246 170 ORATIO
1694 126 1798 179 261

108 262 441 316 ἐδούλευσεν
479 262 508 316 6
550 263 645 325 σὸς
696 261 987 330 ὁμώνυμος
1026 259 1399 330 Δημοσθένης
1444 262 1803 331 κακούμενος,

107 353 642 421 προπηλακιζόμενος
686 347 827 420 ὑπὲρ
867 351 1225 420 Σφακτηρίας
1272 349 1642 420 ὀργιζομένων
1690 361 1804 404 τῶν

107 442 391 494 δεσποτῶν
428 438 519 493 καὶ
550 440 815 503 πολλάκις
845 437 1032 492 θέλων
1063 438 1373 492 ἀποθανεῖν
1405 439 1508 492 οὐκ
1539 438 1802 509 ἐτύγχανε

107 532 307 598 ταύτης
343 536 440 598 τῆς
472 529 915 597 φιλανθρωπίας,
955 520 1092 580 ἀλλὰ
1126 530 1285 596 μόγις
1315 529 1803 597 τεταλαιπωρηκὼς

105 618 211 686 ἤδη
273 623 349 690 τῷ
411 618 618 684 σώματι
678 617 878 685 ταύτης
937 615 1158 686 μετέσχε
1226 623 1322 685 τῆς
1382 618 1605 685 δωρεᾶς.
1666 619 1801 687 μετὰ
1846 641 1866 674 5

107 708 449 776 στρατηγοὺς
488 707 824 773 δουλεύσεις,
862 707 1240 774 Δημόσθενες,
1279 707 1413 773 μετὰ
1452 708 1584 769 τοὺς
1622 710 1801 770 καλῶς

104 796 577 864 ναυμαχήσαντας.
618 794 704 848 35.
738 797 789 847 εἰ
819 795 1026 863 βούλει,
1058 797 1337 863 μνήσθητι
1367 795 1457 848 καὶ
1490 805 1603 848 τῶν
1632 801 1798 849 θεῶν.

96 882 373 953 “Ηρακλῆς
423 884 452 938 6
499 892 684 938 πᾶσαν
731 883 1112 954 ἐλευθερώσας
1163 885 1265 952 τὴν
1321 883 1655 953 οἰκουμένην
1706 884 1798 938 καὶ

102 974 206 1042 τὴν
250 981 358 1042 γῆν
401 976 622 1044 θηρίων
660 972 939 1043 <ἀγρίων>
986 973 1193 1040 ἄγονον
1245 971 1336 1025 καὶ
1392 983 1655 1043 πονηρῶν
1705 974 1798 1027 ἄν-

104 1062 257 1130 δρῶν
295 1062 554 1131 καθαρὰν
584 1062 1021 1131 παρασκευάσας,
1054 1061 1082 1115 ὁ
1115 1070 1298 1114 πᾶσαν
1328 1058 1431 1129 μὲν
1462 1070 1584 1131 γῆν,
1614 1070 1797 1116 πᾶσαν
1821 1087 1864 1119 10

102 1149 165 1203 δὲ
189 1151 479 1204 θάλασσαν
504 1149 745 1220 ἐμβατὴν
775 1159 839 1221 τῇ
871 1154 1041 1221 τόλμῃ
1073 1149 1339 1218 γενέσθαι
1365 1150 1797 1221 καταναγκάσας,

102 1237 131 1292 6
171 1240 306 1293 κατὰ
343 1242 474 1303 τοὺς
513 1241 680 1309 ὅρους
711 1248 806 1309 τῆς
839 1239 1165 1309 οἰκουμένης
1197 1241 1396 1308 στήλας
1434 1241 1798 1310 ἱδρυσάμενος

2 1319 3 1322 ¹
99 1337 214 1381 τῶν
261 1329 422 1382 ἰδίων
470 1329 918 1399 κατορθωμάτων
974 1329 1141 1392 αὐτὸς
1180 1328 1494 1383 ἐδούλευσε.
1533 1331 1622 1383 καὶ
1662 1331 1795 1396 τίνι;

101 1417 436 1487 Εὐρυσθεὺς
481 1418 654 1471 αὐτοῦ
703 1418 967 1486 δεσπότης
1022 1416 1238 1486 ἐγένετο
1295 1417 1648 1488 ἀγενέστερος
1694 1420 1795 1489 οὐχ

93 1503 430 1573 “Ηρακλέους
467 1509 657 1576 μόνον,
696 1507 834 1559 ἀλλὰ
873 1505 964 1559 καὶ
1003 1507 1188 1560 ἄλλων
1225 1510 1440 1577 μυρίων
1482 1510 1794 1578 γενόμενος.
1819 1531 1861 1564 15

99 1593 220 1647 ἀλλ’
264 1597 463 1664 ἔφερεν
502 1595 777 1666 ““Ηρακλῆς
822 1596 888 1648 τὰ
933 1603 1034 1649 τοῦ
1083 1598 1354 1650 δεσπότου
1403 1598 1794 1665 προστάγματα
1836 1587 1841 1591 ’

97 1682 189 1736 καὶ
238 1682 246 1756 Ι
296 1685 587 1738 δουλεύειν
634 1683 715 1737 ἑνὶ
762 1686 970 1754 σώματι
1010 1686 1261 1756 φορητὴν
1308 1687 1612 1756 δυστυχίαν
1658 1692 1779 1737 RIV
1795 1698 1881 1738 335

100 1772 501 1841 ὑπελάμβανεν.
564 1773 650 1827 36.
699 1773 801 1827 οὐκ
848 1776 1072 1843 ἄπειρος
1118 1771 1191 1843 εἷ,
1230 1777 1614 1845 Δημόσθενες,
1662 1774 1793 1830 οὐδὲ

99 1869 200 1915 τοῦ
238 1862 497 1934 πατρῴου
536 1868 678 1916 θεοῦ
718 1860 849 1917 οὐδὲ
881 1873 994 1916 τῶν
1024 1861 1143 1916 κατ’
1180 1863 1392 1917 ἐκεῖνον
1424 1866 1790 1935 δημηγοριῶν.

99 1947 430 2005 ἐδούλευσεν
468 1950 754 2006 Ἀπόλλων
800 1953 829 2006 ὁ
879 1960 979 2005 τοῦ
1026 1954 1164 2016 Διὸς
1201 1953 1341 2022 υἱός,
1388 1952 1417 2006 6
1469 1962 1640 2007 πᾶσιν
1695 1953 1790 2008 dv-
1813 1977 1858 2010 πο

220 2072 243 2110 1
288 2067 346 2113 cf.
385 2069 418 2111 t.
443 2067 508 2112 IV
532 2072 641 2124 309,
662 2068 774 2112 ΠΒ,
917 2073 942 2112 6
987 2068 1044 2113 of.
1085 2071 1117 2113 t.
1143 2069 1186 2113 V
1219 2073 1428 2125 39,4sq.
1475 2069 1590 2114 Xen.
1622 2070 1790 2115 He11.1

99 2129 139 2179 ’7,
158 2130 183 2168 2
203 2140 268 2183 sq.
395 2131 418 2170 7
452 2141 519 2183 sq.
553 2127 609 2170 of.
643 2130 676 2172 t.
700 2127 744 2171 H
768 2132 867 2184 568,
888 2132 941 2172 17
960 2142 1027 2184 sq.
1152 2133 1176 2172 9
1208 2128 1327 2173 Plat.
1360 2129 1538 2173 Menex.
1572 2145 1618 2187 p.
1645 2135 1728 2174 237
1746 2130 1787 2174 D

220 2189 274 2229 10
306 2201 372 2242 sq.
405 2185 549 2230 Thuo.
574 2186 616 2229 Π
647 2191 718 2241 41,
738 2193 762 2230 2
887 2192 940 2231 15
974 2187 1059 2232 Od.
1092 2190 1116 2231 λ
1148 2192 1231 2232 621
1365 2192 1418 2231 19
1452 2187 1508 2233 ef.
1541 2204 1586 2246 p.
1613 2194 1712 2243 258,
1733 2194 1786 2232 18

216 2249 272 2288 20
304 2245 363 2288 ef.
395 2245 455 2288 ad
478 2247 511 2289 t.
538 2244 579 2288 V
604 2250 674 2301 82,
694 2251 718 2289 2

217 2352 243 2391 6
269 2348 448 2408 <τοὺς>
474 2350 755 2407 στρατηγοὺς
772 2349 877 2393 coni
895 2349 1052 2394 Gasda
1079 2352 1086 2407 Ι
1114 2351 1349 2402 δουλεύεις
1364 2352 1440 2396 La
1561 2356 1586 2395 9
1611 2350 1786 2410 ἀγρίων

96 2407 272 2452 inserui
305 2407 396 2451 coll
426 2407 548 2452 Plat.
574 2408 602 2452 l.
628 2408 658 2452 l.
688 2408 713 2465 ἡ
738 2408 933 2465 ἡμετέρα
959 2411 1052 2467 (γῆ)
1075 2408 1260 2466 θηρίων
1292 2410 1376 2467 μὲν
1408 2407 1584 2467 ἀγρίων
1616 2410 1786 2468 ἄγονος

96 2467 175 2510 καὶ
214 2466 411 2522 καθαρὰ
451 2467 625 2524 ἐφάνη,
668 2482 752 2524 pro
791 2467 965 2524 ἄγονον
1004 2469 1296 2513 scribendum
1339 2469 1443 2514 coni
1477 2470 1635 2514 Gasda
1710 2485 1784 2515 om

95 2524 206 2569 libri
238 2527 329 2569 edd
452 2530 507 2569 10
540 2526 564 2570 ὁ
597 2527 774 2585 πᾶσαν]
807 2526 994 2571 ἅπασαν
1029 2530 1145 2573 VaB
1172 2530 1178 2584 Ι
1205 2535 1363 2572 πᾶσαν
1394 2529 1443 2572 in
1465 2543 1540 2573 ras
1575 2529 1667 2574 Va²

99 2589 151 2628 11
186 2581 386 2643 ἐμβατὸν
413 2587 501 2629 Μα
526 2585 607 2630 sed
639 2594 708 2630 εῖν
733 2600 873 2642 supra
905 2586 960 2631 ὸν
990 2587 1061 2630 m'
1088 2593 1094 2642 Ι
1121 2594 1175 2644 τῇ
1208 2587 1376 2632 ἑαυτοῦ
1407 2586 1547 2646 τόλμῃ
1581 2588 1685 2632 coni
1715 2588 1783 2632 Re

217 2648 272 2688 14
304 2643 629 2701 ἀγεννέστερος
651 2648 738 2689 Μα
859 2650 913 2689 15
937 2644 1111 2701 κυρίων
1138 2648 1254 2691 VaB
1377 2652 1430 2690 16
1463 2645 1690 2692 δεσπότου
1715 2648 1783 2691 Va

97 2702 178 2745 sed
218 2701 327 2747 ότου
369 2704 419 2746 in
456 2717 531 2746 ras
562 2703 633 2746 m²
776 2709 830 2746 17
871 2704 1144 2750 δεσποτείαν
1178 2707 1266 2750 Μα
1306 2706 1388 2750 sed
1427 2705 1498 2764 γρ’
1529 2705 1782 2764 δυστυχίαν

18 2811 21 2815 .
96 2774 310 2818 suprascr
339 2762 410 2805 m²
542 2767 596 2806 18
629 2762 922 2821 ὑπελάμβανε
945 2765 1068 2808 BLa
1100 2764 1191 2808 edd
1240 2766 1247 2823 Ι
1297 2763 1407 2809 οὐδὲ
1439 2780 1513 2809 om
1535 2767 1663 2810 VaB

98 2823 152 2863 19
184 2821 401 2875 πατρώου
431 2821 502 2866 Va
529 2823 546 2878 Ι
561 2828 653 2865 τῶν
685 2835 760 2865 om
786 2824 875 2867 Ma
912 2825 918 2878 Ι
946 2825 1242 2880 δημηγοριῶν
1265 2824 1431 2880 scripsi
1492 2826 1780 2881 δημαγωγῶν

96 2876 205 2922 libri
243 2880 335 2923 edd
402 2881 711 2937 δημαγωγιῶν
740 2880 933 2924 Weiske
963 2882 1083 2938 Hyb.
1117 2895 1202 2926 err.
1233 2883 1277 2925 H
1308 2887 1336 2926 8
1479 2887 1535 2926 20
1574 2883 1598 2927 6
1637 2891 1779 2926 πᾶσιν

95 2938 262 2994 scripsi
292 2951 317 2982 e
346 2939 434 2982 Ma
463 2941 518 2982 ut
549 2939 653 2984 coni
684 2939 751 2982 Re
812 2939 988 2984 ἅπασιν
1019 2941 1212 2985 VaBLa
1244 2942 1335 2985 edd
