2010 3168
586 103 889 149 APOLOGIA
919 102 1351 148 DEMOSTHENIS
1709 104 1817 157 395

129 255 280 295 σαιτε
311 241 412 310 τὴν
442 241 676 309 ἡσυχίαν
707 242 880 308 ἄγειν,
911 238 1001 293 καὶ
1033 247 1204 293 ταῦτα
1237 239 1324 293 ἐπὶ
1357 240 1607 310 ὑπογυίω
1646 242 1817 312 πόνῳ,

127 336 200 403 τῷ
233 337 419 402 μακρῷ
453 330 543 383 καὶ
583 330 799 402 μεγάλῳ
841 329 1090 399 δράματι.
1137 328 1227 382 καὶ
1274 330 1378 399 γὰρ
1428 328 1511 383 ἀεὶ
1563 328 1652 382 καὶ
1693 338 1816 383 τοῦ-

126 438 225 472 τον
264 421 412 472 ἔστιν
444 420 629 487 ἔμοιγε
670 419 894 481 δικαίως
926 419 1102 471 εἰπεῖν
1136 420 1274 489 πρὸς
1312 418 1453 486 ὑμᾶς
1491 419 1588 471 τὸν
1630 421 1815 487 λόγον,

126 508 199 571 ὡς
239 509 285 561 εἰ
323 505 423 576 μὲν
463 507 699 575 ἀνόητον
738 507 770 576 ἢ
811 508 1086 577 ἄχρηστον
1124 506 1157 576 ἢ
1198 514 1512 578 κακοῦργον
1549 507 1582 575 ἢ
1620 510 1815 576 βλαβε-

127 597 231 666 ρὰν
276 599 559 650 πολιτείαν
605 595 1063 665 ἐπολιτευσάμην,
1113 597 1312 670 ἱκανῶς
1358 596 1491 666 ὑμῖν
1537 604 1632 665 τῆς
1687 596 1815 666 ἐμῆς
1862 616 1881 649 5

124 685 303 755 (εἴτε)
342 685 570 754 ἀγνοίας
609 690 715 738 εἴτε
756 686 962 754 βλάβης
1002 683 1113 739 εἴθ’
1158 685 1306 748 ὅπως
1337 687 1445 755 ἔχει
1485 683 1574 738 καὶ
1615 685 1715 754 οὐχ
1748 685 1814 739 ὃν

125 773 404 844 ἀφέστηκα
443 777 647 845 χρόνον
686 779 841 827 λυπῶ
889 782 1110 843 τοῦτον,
1150 773 1263 827 ἀλλ’
1313 774 1379 828 ὃν
1419 774 1815 843 ἐπολιτευόμην

124 863 377 932 ἠδίκουν·
427 866 474 917 εἰ
515 861 575 917 δὲ
616 865 836 917 δικαίαν
874 863 965 917 καὶ
1005 863 1401 934 συμφέρουσαν
1440 863 1657 933 ἐκείνην
1696 863 1813 918 ἐπε-

126 951 401 1022 δειξάμην,
429 954 628 1016 ἱκανῶς
651 972 758 1022 μου
784 962 879 1023 τῆς
903 954 1150 1023 σπουδῆς
1175 952 1527 1007 ἆπελαύσατε.
1567 952 1652 1007 35.
1677 954 1814 1023 πρὸς

126 1041 188 1094 δὲ
225 1043 443 1105 τούτοις
487 1042 587 1112 οὐχ
640 1041 762 1105 ἑνὸς
802 1042 1058 1112 ἐχόμενος
1096 1045 1330 1113 τρόπου,
1379 1043 1559 1112 ὥσπερ
1607 1043 1660 1096 οἱ
1704 1043 1811 1112 πρὸ
1839 1063 1881 1094 ιο

123 1129 256 1199 ἐμοῦ
290 1130 759 1201 πεπολιτευμένοι,
785 1134 1081 1202 πρόθυμον
1113 1129 1202 1184 ἐπὶ
1233 1132 1435 1185 τούτου
1465 1133 1640 1201 μόνου
1677 1152 1813 1201 παρ-

125 1218 285 1289 έσχον
318 1219 451 1287 ὑμῖν
484 1219 739 1290 ἐμαυτόν,
765 1220 943 1290 λέγων
975 1220 1092 1290 μέν,
1118 1221 1185 1274 οὐ
1218 1221 1449 1289 γράφων
1482 1219 1556 1288 δέ,
1581 1221 1813 1291 γράφων

121 1309 247 1377 με’-ν,
295 1310 362 1362 οὐ
410 1311 732 1379 πρεσβεύων
780 1309 867 1378 δέ,
915 1306 985 1362 ἵν’
1033 1309 1084 1362 εἴ
1119 1327 1171 1362 τι
1219 1309 1517 1380 σφαλείητέ
1552 1329 1684 1378 που,
1736 1312 1813 1372 είς

121 1398 188 1450 τὰ
235 1399 399 1452 λοιπὰ
446 1394 526 1451 ὧν
571 1399 643 1467 μὴ
694 1399 1013 1468 μετάσχοιμι
1059 1400 1321 1468 ποιοίμην
1367 1399 1468 1467 τὴν
1522 1397 1813 1467 ἀναφορὰν

121 1486 211 1541 καὶ
248 1486 330 1541 ἐπ’
369 1487 594 1540 ἐκείνων
625 1497 736 1541 τῶν
767 1497 950 1556 μερῶν
980 1496 1075 1556 τῆς
1105 1490 1380 1550 πολιτείας
1414 1489 1420 1556 Ι
1456 1487 1633 1555 λέγων
1678 1492 1798 1537 RIV
1815 1496 1900 1536 296

122 1573 412 1647 αἰτιςόμην,
468 1576 606 1630 ἀλλὰ
654 1578 747 1630 διὰ
793 1577 970 1646 πάσης
1025 1576 1318 1646 ἐξήτασμαι
1371 1585 1465 1645 τῆς
1517 1578 1810 1644 πολιτείας,
1838 1599 1877 1630 16

122 1667 379 1736 γράφων,
433 1667 778 1736 πρεσβεύων,
834 1667 970 1734 ἅπερ
1029 1662 1179 1736 [οὖν]
1235 1667 1303 1735 δή
1359 1685 1423 1735 με
1476 1666 1567 1719 καὶ
1622 1676 1811 1735 σαφῶς

122 1754 481 1809 ἀπολώλεκεν.
553 1756 638 1809 36.
701 1753 819 1808 ἀλλ’
878 1751 982 1809 οὗν
1043 1754 1210 1808 οὐδέν
1272 1753 1422 1809 ἐστιν
1485 1754 1659 1825 ἀργὸν
1720 1753 1810 1807 καὶ

239 1935 261 1974 1
287 1931 424 1975 Isocr.
456 1931 576 1976 Plat.
609 1947 653 1989 p.
682 1936 766 1976 299
786 1946 837 1987 ος
873 1931 985 1976 Call.
1019 1947 1063 1989 p.
1091 1936 1174 1976 376
1193 1931 1231 1975 Ε

240 2099 262 2138 1
290 2094 379 2139 ὑπὸ
400 2097 488 2140 Μα
549 2093 758 2171 ὑπογυίῳ
776 2095 941 2152 scripsi
1002 2096 1120 2152 ὑπογ
1124 2094 1189 2154 ύῳ
1209 2096 1346 2140 ΜαΡ
1359 2097 1407 2139 ct
1423 2113 1477 2151 γρ
1495 2094 1544 2138 in
1561 2109 1693 2152 marg
1710 2095 1811 2138 Mor

121 2155 168 2198 et·
191 2154 296 2199 coni
322 2154 520 2199 Cobcbus
582 2155 702 2212 ὑπογ
706 2153 782 2199 είω
801 2156 900 2230 HV
912 2155 1129 2199 VaBPar
1154 2155 1244 2198 cdd
1270 2154 1327 2198 cf.
1353 2156 1386 2198 t.
1408 2154 1449 2198 V
1477 2159 1574 2209 136,
1593 2159 1617 2198 3
1647 2157 1652 2210 Ι
1680 2152 1808 2213 πόνῳ

122 2213 286 2270 scripsi
326 2215 514 2258 auctore
551 2172 724 2259 Cobeto
800 2214 926 2273 τόπῳ
965 2213 1076 2257 libri
1114 2214 1206 2258 edd
1350 2219 1375 2257 2
1418 2221 1554 2258 τοῦτο
1583 2215 1670 2257 Ma

120 2278 145 2315 3
179 2272 364 2318 δίκαιον
395 2275 482 2318 Μα
603 2278 629 2316 4
662 2272 865 2331 ἀνόητον
897 2261 1062 2330 scripsi
1095 2287 1119 2317 e
1154 2274 1431 2328 VVaBPar,
1462 2274 1517 2317 ut
1548 2273 1652 2317 coni
1684 2274 1750 2316 Re

120 2330 352 2389 ἀνόνητον
377 2333 569 2377 ΗΜαΡ
604 2333 694 2376 edd
838 2338 864 2377 5
905 2332 1075 2384 ἱκανῶς
1100 2359 1155 2364 —-
1184 2338 1207 2376 7
1250 2330 1580 2389 ἐπολιτευόμην
1612 2347 1686 2377 0111
1711 2334 1816 2376 HV

240 2396 265 2434 6
299 2390 389 2436 εἴτε
419 2391 595 2436 inserui
656 2406 731 2436 om
762 2391 872 2436 libri
905 2392 995 2436 edd
1045 2394 1051 2448 Ι
1101 2388 1197 2436 εὖθ’
1228 2394 1326 2438 Par
1458 2397 1493 2435 7
1518 2392 1647 2447 „for-t.
1681 2393 1807 2434 λυπῶ

119 2458 354 2506 τοσοῦτον,
387 2448 496 2495 όσον
521 2468 594 2503 αν,
627 2449 682 2496 ὃν
714 2450 1069 2508 ἐπολιτευόμην“
1097 2451 1164 2495 Re
1289 2455 1342 2494 10
1376 2448 1589 2508 ἐχόμενος
1616 2452 1704 2494 Μα
1729 2450 1809 2494 scd

123 2526 145 2559 ς
176 2523 202 2554 e
234 2527 260 2553 ν
293 2524 395 2554 corr
424 2509 495 2553 m'
566 2509 786 2568 ἐχομένου
812 2513 858 2556 Ρ
885 2511 986 2555 Mor
1035 2513 1040 2566 Ι
1090 2528 1144 2568 γρ
1176 2510 1292 2582 πρὸς
1323 2510 1370 2553 111
1404 2524 1538 2567 marg
1568 2510 1670 2553 Mor

124 2574 174 2612 11
204 2566 558 2642 πολιτευόμενοι
583 2570 633 2612 Η
644 2571 713 2626 Vl
739 2570 850 2626 ὑμῖν
875 2569 951 2614 ἐπὶ
980 2569 1147 2614 τούτου
1173 2569 1319 2625 μόνου
1342 2567 1575 2626 παρέσχον
1591 2569 1698 2612 HV

123 2633 176 2671 12
202 2625 229 2684 ἢ
263 2631 372 2673 ante
397 2628 661 2702 γράφωνῼ)
687 2629 791 2674 HV
815 2630 882 2674 Re
1007 2633 1060 2672 14
1092 2628 1228 2673 κοινὰ
1255 2630 1472 2673 VaBPar
1594 2631 1647 2670 15
1678 2627 1806 2683 ,wfort

121 2687 202 2730 καὶ
231 2688 339 2740 τους
370 2686 442 2733 ἐπ’
475 2685 662 2732 ἐκείνων
684 2695 777 2732 τῶν
808 2696 958 2744 μερῶν
981 2695 1062 2744 τῆς
1088 2685 1320 2740 πολιτείας
1345 2687 1462 2744 (scil.
1488 2684 1807 2742 τεταγμένους)

123 2745 359 2804 αἰτιῴμην.
393 2762 502 2791 nam
532 2745 689 2803 λέγων,
722 2761 996 2804 quamquam
1019 2749 1164 2792 locum
1188 2748 1306 2792 tueri
1335 2748 1494 2802 utiquo
1515 2751 1674 2802 potest,
1705 2759 1805 2789 con-

122 2806 373 2850 venientius
404 2812 555 2850 tamen
582 2807 723 2861 paulo
748 2812 853 2863 post
884 2808 1002 2851 inter
1032 2804 1266 2857 πολιτείας
1303 2812 1343 2850 et
1375 2805 1570 2879 γράφων
1603 2805 1803 2863 Ζεραιτιν“

122 2863 191 2907 Re
232 2865 238 2920 Ι
281 2862 366 2908 ἀπ’
394 2866 531 2909 BMa
567 2866 573 2921 Ι
608 2863 791 2920 ἡμερῶν
816 2867 862 2909 Ρ
888 2866 968 2909 sed
1001 2866 1029 2921 ἡ
1063 2864 1140 2908 dcl
1170 2865 1240 2908 m³
1369 2869 1422 2907 16
1455 2864 1658 2920 ᾐτιώμην
1693 2865 1807 2907 VaB

124 2924 224 2968 Par
345 2928 396 2967 17
432 2920 516 2968 οὖν
550 2923 804 2969 cancellavi
865 2931 950 2968 νῦν
984 2924 1088 2968 coni
1119 2923 1186 2968 Re
