2010 3168
611 86 997 135 ARISTOPHON
998 90 1090 135 TIS
1122 89 1346 135 ORATIO
1720 91 1827 144 169

137 217 415 282 ε’πιπόνων
453 228 612 295 εἰσίν,
651 227 717 280 οὐ
755 227 890 293 μετὰ
921 226 1207 298 ῥᾳστώνης
1236 228 1383 295 βίου,
1423 224 1513 279 καὶ
1545 228 1831 280 κινδύνων

135 316 226 370 καὶ
265 318 447 386 φόβου
485 317 813 384 παραμυθία
843 324 964 376 τοῖς
999 314 1389 383 ἐκφεύγουσιν,
1430 313 1545 368 ἐπεὶ
1577 316 1667 368 καὶ
1698 318 1828 379 τοὺς

136 407 464 473 πολεμικοὺς
501 404 803 466 κινδύνους
840 402 976 471 πρὶν
1014 403 1278 471 γενέσθαι
1317 401 1418 472 μὲν
1457 404 1596 467 ἅπας
1634 424 1716 467 τις
1758 404 1828 458 ἂν

136 491 445 562 ἀπεύξαιτο,
479 491 793 561 γενομένων
826 492 887 545 δὲ
919 502 1183 561 τιμῶνται
1210 494 1260 545 οἶ
1287 499 1713 563 κατορθοῦντες,
1737 495 1828 547 καὶ

134 583 200 636 τά
238 583 415 635 πολλὰ
455 583 665 651 φευκτὰ
704 581 805 651 μὲν
843 582 952 650 πρὸ
980 589 1076 649 τῆς
1111 584 1304 651 πείρας
1344 582 1437 635 διὰ
1476 583 1576 651 τὴν
1616 583 1829 652 ἄδηλον
1875 603 1897 635 5

134 672 322 740 τύχην,
364 672 572 739 ζηλωτὰ
613 670 691 739 δέ,
732 670 866 724 ὅταν
904 672 1146 741 κρατήσῃ
1194 677 1294 723 τοῦ
1344 669 1550 734 τέλους.
1612 672 1699 725 41.
1734 662 1827 725 ’καὶ

133 761 228 822 τὰς
267 758 329 812 ἐν
367 760 502 828 ὑμῖν
547 761 755 827 κρίσεις
799 760 1093 828 ὑπομεῖναι
1140 755 1243 828 μὲν
1290 759 1474 822 οὐδεὶς
1520 759 1590 812 ἂν
1637 760 1828 830 ἐθελή-

135 863 283 901 σειεν
329 848 432 900 οὐκ
480 849 639 911 εἰδὼς
694 850 746 901 εἰ
789 847 1161 916 διαφεύξεται·
1218 848 1265 900 εἰ
1314 845 1374 900 δὲ
1419 854 1573 901 θεῶν
1619 868 1703 911 τις
1743 849 1828 917 ἐγ-

134 940 400 1006 γυήσαιτο
439 937 542 1005 τὴν
571 940 751 1006 νίκην,
790 938 874 999 τίς
905 937 1007 989 οὐκ
1039 935 1110 989 ἂν
1142 935 1357 999 εὔξαιτο
1391 935 1564 1000 δεῖξαι
1596 939 1830 1007 χρηστὸς

135 1027 236 1090 ὤν;
283 1026 427 1093 πλὴν
467 1027 515 1079 εἰ
562 1027 825 1080 σύνοιδεν
872 1026 1019 1098 αὑτῷ
1067 1026 1293 1079 τοιαῦτά
1339 1046 1421 1088 τις
1468 1027 1606 1080 ὥστε
1651 1029 1830 1096 μόνην
1855 1048 1901 1079 ιο

135 1115 411 1184 σωτηρίαν
456 1116 518 1168 τὸ
566 1115 637 1183 μὴ
685 1119 951 1183 κριθῆναι
999 1115 1210 1182 δοκεῖν,
1251 1112 1369 1166 ἐπεὶ
1409 1123 1525 1176 τοῖς
1571 1114 1828 1169 ἀδικοῦσι

133 1200 235 1273 μὲν
297 1203 518 1272 ἀγαθὸν
579 1203 929 1271 ἀνελέγκτοις
989 1202 1201 1271 με’νειν,
1270 1212 1387 1266 τοῖς
1452 1203 1514 1256 δὲ
1574 1213 1831 1272 χρηστοῖς

135 1292 383 1361 ἀτύχημα
444 1293 506 1345 τὸ
566 1291 898 1360 λανθάνειν,
961 1291 1049 1345 καὶ
1107 1298 1426 1361 θαρροῦσιν
1480 1293 1538 1345 οἱ
1598 1290 1700 1362 μὲν
1759 1300 1834 1366 τῷ

134 1382 416 1435 συνειδότι
462 1380 553 1434 καὶ
599 1389 718 1444 ταῖς
773 1380 1144 1450 ἀποδείξεσιν,
1192 1382 1244 1434 οἱ
1292 1381 1354 1434 δὲ
1406 1388 1707 1451 κακοῦργοι
1761 1389 1836 1455 τῷ

136 1471 455 1523 λανθάνειν.
1854 1491 1899 1524 15

244 1559 332 1612 42.
375 1556 438 1611 “A
476 1562 673 1612 τοίνυν
726 1561 1017 1628 κακοήθως
1070 1559 1459 1628 ὑπελάμβανεν
1512 1560 1585 1622 ὡς
1638 1558 1830 1623 ἐξαπα-

135 1647 404 1717 τηθέντας
441 1645 531 1702 ὑπ’
574 1648 706 1716 ἐμοῦ
745 1651 878 1711 τοὺς
918 1649 1195 1715 δικαστάς,
1235 1649 1338 1701 οὐκ
1370 1647 1504 1718 ἐμοῦ
1535 1650 1638 1721 τὴν
1669 1669 1829 1717 κατη-

136 1738 333 1804 γορίαν
364 1736 618 1805 ἐποιεῖτο,
642 1737 784 1804 ὑμᾶς
816 1734 877 1790 δὲ
911 1737 1218 1806 διέβαλλεν,
1244 1740 1295 1791 εἰ
1324 1738 1425 1806 μὲν
1456 1739 1689 1801 ἄκοντας
1712 1737 1829 1800 ἐξα-

134 1829 457 1894 πατηθῆναί
478 1841 670 1895 φησιν,
694 1827 766 1889 ὡς
790 1826 1076 1896 ἀνοήτους,
1095 1828 1143 1879 εἰ
1163 1824 1168 1898 Ι
1190 1824 1250 1879 δὲ
1275 1825 1653 1896 βουλομένους
1712 1831 1843 1875 Η.ΙΧ
1862 1837 1922 1875 43

137 1918 454 1983 χαρίζεσθαι
503 1915 728 1983 ἀδίκως,
768 1916 912 1984 <ὡς>
952 1914 1260 1986 ἐπιόρκους.
1315 1913 1484 1968 οὐδὲν
1524 1915 1552 1968 ὃ
1598 1917 1671 1984 μὴ
1718 1924 1829 1968 τῶν
1853 1937 1898 1969 20

137 2005 410 2057 κακίστων
456 2003 640 2067 ἁπλῶς
688 2005 859 2057 αὐτοῦ
908 2003 1168 2072 λέγοντος
1206 2005 1491 2073 ἠκούσατε.
1530 2001 1645 2057 εἶτα
1683 2005 1830 2074 παρὰ

137 2092 237 2160 μὲν
291 2101 408 2155 τοῖς
455 2094 643 2155 ἄλλοις
689 2093 896 2146 ἅπασιν
942 2092 1266 2163 ἀνθρώποις
1318 2094 1534 2162 ἄριστοι
1590 2093 1830 2158 δικάζειν

137 2181 226 2233 καὶ
259 2186 588 2249 νομοθετεῖν
617 2183 725 2247 πρὸ
749 2189 850 2234 τοῦ
874 2183 1260 2249 πεπίστευσθε,
1297 2180 1554 2250 Κέφαλος
1579 2182 1641 2234 δὲ
1662 2200 1829 2251 παρα-

137 2271 291 2332 νοίας
314 2270 459 2338 αἱρεῖ
488 2271 554 2323 τά
588 2271 927 2339 δικαστήρια,
957 2269 1017 2322 ἐν
1049 2262 1132 2332 οἷς
1164 2269 1292 2323 οὔτε
1324 2268 1543 2322 διώκων
1574 2269 1831 2339 ἡττηθεὶς

258 2391 310 2429 16
344 2385 401 2430 cf.
426 2362 671 2443 p.'130,21
794 2390 852 2429 24
876 2385 1041 2430 Aesch.
1061 2384 1180 2431 Otos.
1199 2401 1246 2442 p.
1265 2390 1335 2441 75,
1352 2391 1406 2429 41
1437 2387 1443 2444 Ι
1470 2386 1600 2430 Dem.
1618 2401 1662 2443 p.
1684 2391 1782 2442 642,
1802 2392 1827 2430 5

259 2494 280 2532 1
316 2490 388 2547 οὐ]
416 2491 498 2534 καὶ
522 2489 612 2533 Μα
639 2492 644 2546 Ι
673 2487 778 2547 βίου
804 2488 969 2545 scripsi
1031 2487 1145 2547 βίων
1172 2491 1311 2534 ΜαΡ
1426 2493 1451 2532 3
1482 2488 1553 2540 τίς
1578 2491 1715 2534 ΜαΡ

138 2554 163 2590 5
202 2547 259 2592 τὰ
292 2548 542 2592 delendum
574 2550 731 2592 censet
760 2547 1003 2593 Hcrtlinus
1150 2554 1201 2592 11
1236 2547 1336 2592 ἐπεὶ
1368 2549 1534 2605 scripsi
1605 2549 1670 2593 ἔτι
1697 2549 1836 2593 ΜαΡ

255 2612 311 2650 20
338 2606 617 2680 χαρίζεσθαι
649 2605 835 2662 ἀδίκως,
868 2607 930 2658 ὡς
962 2607 1127 2663 scripsi
1200 2605 1487 2665 χαρίζεσθαι,
1520 2605 1716 2659 ἀδίκους
1740 2608 1828 2651 Μα

138 2667 183 2710 P
239 2670 516 2723 χαριζεσθαι
546 2664 723 2717 ἀδίκως
753 2666 899 2710 Cobet
1042 2671 1095 2710 21
1129 2667 1210 2709 καὶ
1241 2669 1352 2710 anbe
1382 2666 1595 2724 λέγοντος
1618 2668 1757 2711 ΜαΡ

138 2725 288 2769 delevi
364 2729 473 2770 ante
512 2724 652 2769 οὐδὲν
692 2725 1016 2770 collocandum
1064 2727 1221 2769 censet
1265 2725 1422 2769 Gasda.
1565 2731 1619 2769 22
1661 2725 1827 2781 ἄριστα

138 2784 250 2828 olim
281 2784 445 2840 scripsi
589 2789 644 2827 23
682 2785 773 2840 πρὸ
806 2791 887 2828 τοῦ
927 2784 1092 2840 scripsi
1167 2785 1334 2828 τούτου
1359 2786 1496 2829 ΜαΡ
1532 2786 1613 2828 sed
1651 2785 1700 2827 in
1739 2785 1828 2827 hoc

138 2851 272 2887 τοῦτο
306 2857 520 2900 suprascr
551 2843 620 2886 m²
663 2847 667 2897 ξ
717 2842 1028 2888 πεπίστευσθε
1061 2843 1226 2899 scripsi
1286 2841 1570 2888 πεπίστευθε
1597 2845 1686 2888 Μα
1745 2858 1828 2886 πε-

138 2899 348 2947 πίστευτε
373 2904 419 2946 Ρ
