2010 3168
163 51 232 104 88
617 51 844 96 LIBANII
875 51 1263 97 DECLAMATIO
1295 52 1402 96 XIV

163 195 370 255 στῆσαν
409 189 529 255 ἄγει
567 188 704 257 πρὸς
743 188 884 256 ὑμᾶς
924 187 952 240 ὃ
994 189 1185 256 μόνον,
1226 187 1295 241 ἂν
1333 188 1490 257 ὑμεῖς
1538 188 1850 258 ἐθελήσητε,

163 273 375 328 δύναιτ’
422 275 491 328 ἂν
522 280 766 345 λυθῆναι
797 286 908 329 τῶν
939 275 1218 347 ἡμετέρων
1249 286 1449 346 κακῶν,
1490 277 1681 346 δέομαι
1716 278 1852 331 πάν-

161 385 274 418 των
310 365 469 434 ὑμῶν
498 374 719 434 πρῶτον
750 362 851 432 μὲν
881 362 1030 434 ἔχειν
1059 385 1153 431 μοι
1187 367 1520 434 συγγνώμην
1552 374 1650 418 τοῦ
1684 367 1851 435 δεῦρο

162 452 353 507 ἐλθεῖν
387 453 698 522 ὑπομεῖναι,
739 456 922 506 ἔπειτα
952 463 1064 506 τῶν
1094 473 1152 506 τε
1184 455 1365 522 λόγων
1397 454 1626 508 ἀκοῦσαι
1665 453 1851 526 πρᾴως

118 562 137 594 5
162 541 251 595 καὶ
306 543 509 595 δοῦναί
557 562 652 610 μοι
706 542 868 611 χάριν
922 541 1045 595 ἀντὶ
1099 550 1195 611 τῆς
1250 541 1664 612 ἐπανελθούσης
1716 544 1850 610 ὑμῖν

161 634 438 693 πολιτείας
476 631 536 684 τὸ
578 639 646 701 γῇ
687 636 1011 699 κρυφθῆναι
1041 637 1211 702 μικρᾷ
1241 633 1340 685 τὸν
1378 632 1484 685 ὑπὸ
1517 639 1617 684 τοῦ
1649 633 1860 701 πατρὸς

163 719 461 786 δεξάμενον
500 721 601 788 τὴν
643 722 875 788 πληγήν.

274 823 321 875 2.
362 824 618 876 Χαλεπὸν
656 823 758 892 μὲν
798 819 902 876 οὖν
942 819 1079 887 εἶξαι
1117 822 1209 876 καὶ
1250 831 1617 893 συγχωρῆσαι,
1656 823 1761 876 κᾶν
1801 825 1858 876 οὗ

161 915 385 974 πλείους
430 915 762 981 πείθωνται,
808 913 940 975 τοὺς
986 912 1289 980 ἀνήκεστόν
1334 933 1386 965 τι
1432 914 1578 982 παρὰ
1618 913 1851 983 Κριτίου

96 1022 139 1054 10
162 1003 533 1069 πεπονθότας,
580 1001 612 1069 ἡ
661 1002 765 1070 γὰρ
815 997 893 1054 ὧν
939 1002 1227 1069 ἠδίκηνται
1271 1004 1454 1070 μνήμη
1503 1009 1612 1054 πᾶν
1657 1002 1854 1071 μικρὸν

164 1092 240 1153 εἰς
279 1093 547 1159 τιμωρίαν
586 1090 843 1158 ἡγεῖσθαι
875 1098 1038 1158 ποιεῖ,
1079 1089 1184 1157 ἐγὼ
1219 1091 1279 1143 δὲ
1317 1100 1429 1143 τῶν
1468 1091 1610 1143 οὕτω
1653 1091 1853 1143 διακει-

163 1178 344 1246 μένων
384 1179 707 1247 ἀλγούντων
746 1179 848 1248 μὲν
886 1177 1010 1247 οὐχὶ
1056 1180 1337 1248 θαυμάζω,
1376 1179 1708 1232 τούναντίον
1748 1181 1852 1247 γὰρ

162 1267 232 1321 ἂν
271 1264 340 1335 ἦν
378 1271 721 1337 θαυμαστόν,
762 1269 810 1320 εἰ
849 1276 1076 1321 τοιαῦτα
1116 1271 1459 1330 πεπονθότες
1496 1269 1568 1337 μὴ
1608 1273 1853 1337 χαλεπῶς

75 1362 115 1405 Β,
132 1361 196 1405 IV
213 1366 299 1405 448
352 1355 355 1427 Ι
401 1359 619 1427 ἔφερον,
645 1355 837 1424 δέομαι
863 1354 923 1409 δὲ
948 1356 1093 1426 ὅμως
1116 1356 1493 1426 ἀκολουθῆσαι
1524 1365 1638 1420 τοῖς
1669 1358 1856 1420 ἄλλοις

96 1469 138 1499 15
162 1455 383 1515 πρῶτον
437 1446 538 1514 μὲν
593 1444 1048 1515 ἐνθυμουμένους
1106 1445 1189 1498 ὅτι
1241 1445 1308 1499 οὐ
1362 1449 1600 1515 Κριτίαν
1653 1446 1854 1508 αὐτοὺς

164 1535 347 1601 δεήσει
386 1532 674 1603 βέλτιστον
712 1537 937 1601 νομίσαι
975 1537 1228 1604 τήμερον,
1267 1535 1365 1587 τὸν
1406 1534 1618 1588 ἐκείνου
1663 1531 1723 1587 δὲ
1762 1553 1853 1587 πε-

161 1624 409 1676 παυκότα
447 1623 549 1691 τὴν
595 1622 819 1676 ἀδικίαν
858 1621 1101 1691 ἐλεῆσαι,
1150 1620 1325 1676 ἔπειθ’
1373 1623 1458 1675 ὅτι
1505 1625 1648 1676 πολὺ
1693 1626 1851 1691 μείζω

164 1710 330 1774 δόξαν
369 1717 618 1764 οἴσονται
657 1721 769 1764 τῶν
809 1712 875 1764 οὐ
915 1712 981 1764 τὰ
1019 1711 1247 1780 μέγιστα
1279 1711 1663 1780 ἐγκαλούντων
1704 1713 1760 1764 οἱ
1786 1712 1852 1764 τὰ

164 1801 449 1853 δεινότατα
488 1803 844 1863 πεπονθότες.
883 1803 1129 1869 μείζονος
1167 1801 1290 1868 γάρ,
1331 1796 1499 1869 οἶμαι,
1542 1804 1853 1868 μεγαλοψυ-

98 1912 139 1943 20
163 1890 281 1957 χίας
331 1887 607 1952 ἀπόδειξις
652 1891 782 1952 τοὺς
820 1893 1033 1958 μᾶλλον
1072 1888 1439 1958 ἠδικημένους
1480 1888 1540 1941 ἐν
1578 1895 1652 1961 τῷ
1686 1896 1857 1961 καιρῷ

285 2099 306 2136 1
341 2090 454 2148 παρ’
493 2094 764 2139 MaCZVaB
797 2094 844 2136 et
875 2111 930 2150 γρ
962 2094 1011 2137 in
1043 2108 1177 2151 marg
1208 2093 1310 2137 Mor
1359 2095 1364 2149 Ι
1415 2091 1560 2149 μόνον
1594 2091 1617 2137 ὃ
1653 2095 1719 2138 Va

165 2158 189 2195 2
223 2151 407 2197 δύναιτ’
445 2150 524 2211 ἂν]
557 2152 762 2198 δυνατὸν
786 2152 862 2196 La
896 2154 902 2210 Ι
936 2151 1169 2208 ἡμετέρων
1203 2154 1272 2197 Va
1304 2152 1385 2197 Sed
1416 2153 1444 2209 ἡ
1477 2152 1527 2195 in
1557 2166 1632 2195 ras
1665 2152 1734 2195 m2

165 2216 189 2255 3
222 2228 299 2268 μοι
331 2213 400 2256 Va
433 2213 513 2255 sed
546 2229 590 2256 οι
623 2226 762 2268 supra
793 2211 1015 2267 lissteram,
1046 2214 1101 2255 ut
1131 2212 1328 2267 videtur,
1361 2227 1381 2254 ε
1414 2225 1592 2255 erasam
1625 2211 1694 2254 m²
1729 2214 1735 2268 Ι
1769 2218 1850 2255 τοῦ

164 2272 302 2324 δεῦρο
333 2270 382 2313 in
413 2285 545 2328 marg
581 2271 658 2316 Vi²
779 2276 804 2314 6
836 2272 1068 2330 κρυβῆναι
1101 2271 1306 2315 ViMaOl
1346 2275 1351 2324 Ι
1393 2277 1475 2314 τοῦ
1506 2271 1681 2314 inserui
1713 2284 1737 2314 e
1764 2272 1852 2314 Ma

167 2330 345 2374 ClVaB
422 2345 496 2374 om
524 2331 727 2374 MLaVi
765 2330 855 2373 edd
1001 2335 1024 2373 7
1066 2329 1250 2386 σφαγήν
1288 2329 1338 2372 in
1381 2344 1514 2387 marg
1546 2330 1650 2373 coni
1681 2329 1850 2385 Petrop

284 2393 308 2431 9
340 2389 470 2445 παρὰ
495 2390 570 2433 La
602 2389 683 2433 sed
715 2389 807 2444 αρά
838 2389 887 2432 in
919 2403 994 2433 ras
1025 2390 1055 2443 f
1191 2393 1246 2432 10
1287 2385 1350 2431 ὧν
1383 2402 1437 2431 ex
1470 2390 1530 2439 ὡς
1569 2402 1670 2431 corr
1696 2387 1806 2432 Ma⁸
1843 2390 1845 2445 Ι

163 2445 411 2503 ἠδίκηνται
445 2449 513 2492 Va
545 2448 626 2492 sed
657 2465 684 2491 ν
718 2448 843 2492 inser
873 2448 942 2491 m³
1065 2453 1117 2491 12
1153 2446 1430 2492 τούναντίον
1462 2447 1626 2503 scripsi
1660 2460 1683 2490 e
1709 2448 1783 2491 La
1795 2449 1852 2491 Vi

167 2507 436 2551 MaOlVaB
512 2504 782 2551 τοεναντίον
810 2509 872 2551 Μ
937 2507 988 2551 τὸ
1015 2505 1229 2552 ἐναντίον
1263 2506 1353 2549 edd
1497 2511 1550 2548 13
1585 2504 1643 2549 ἂν
1676 2520 1751 2549 0111
1775 2507 1850 2550 La

171 2566 242 2609 Va
269 2567 275 2620 Ι
304 2565 347 2609 οἱ
378 2566 513 2610 ViVa
634 2571 689 2609 14
724 2564 836 2617 ὅλως
858 2566 1026 2611 LaMa
1058 2566 1138 2610 sed
1168 2566 1218 2608 in
1250 2566 1337 2608 hoc
1372 2562 1491 2620 ὅμως
1522 2579 1737 2620 suprascr
1766 2565 1848 2620 m²‚

167 2625 220 2669 Ol
250 2627 298 2668 et
328 2642 382 2679 γρ
414 2625 463 2667 in
495 2638 627 2681 marg
658 2625 759 2669 Mor
904 2630 957 2669 15
991 2623 1076 2669 οὖν
1107 2626 1215 2681 post
1245 2624 1328 2680 μὲν
1353 2625 1429 2668 La
1460 2625 1540 2667 sed
1573 2623 1649 2666 del
1675 2638 1710 2679 p

166 2688 220 2726 16
254 2682 431 2738 δεήσεις
455 2684 544 2727 Ma
578 2684 659 2727 sed
692 2701 714 2734 ς
744 2684 839 2727 add
870 2684 939 2727 m²
966 2687 972 2740 Ι
1008 2683 1238 2742 βέλτιστον
1273 2685 1341 2727 Va
1373 2683 1454 2726 sed
1487 2697 1537 2725 στ
1568 2683 1691 2726 inser
1722 2682 1791 2725 m²

164 2740 342 2799 βέλτιον
371 2744 504 2786 ΜαΒ
532 2746 538 2799 Ι
567 2742 762 2798 σήμερον
795 2744 864 2787 Va
988 2747 1040 2786 18
1074 2742 1276 2786 εἴσονται
1302 2743 1452 2786 ΜΜα
1487 2744 1492 2797 Ι
1530 2739 1588 2784 τὰ
1618 2741 1791 2784 inserui
1825 2755 1849 2784 e

166 2802 241 2844 La
280 2802 360 2844 sed
395 2799 482 2857 56.»
520 2800 708 2858 μέγιστα
747 2802 795 2844 in
835 2815 968 2859 marg
998 2817 1042 2860 y,
1069 2816 1173 2845 cum
1205 2800 1360 2844 Gasda
1437 2815 1510 2843 om
1540 2799 1709 2856 reliqui
1739 2800 1850 2843 libri

167 2859 256 2903 edd
379 2865 432 2903 19
466 2860 711 2905 δεινότατα
737 2861 826 2904 Μα
850 2861 930 2904 sed
953 2877 1011 2904 τα
1022 2863 1080 2917 (2)
1104 2860 1195 2904 add
1220 2860 1290 2903 m3
1411 2864 1466 2903 20
1491 2857 1756 2917 ἀπόσχεισις
1782 2860 1849 2903 Va
