2010 3168
239 125 349 178 310
717 123 944 169 LIBANII
978 124 1368 170 DECLAMATIO
1401 125 1486 169 XX

239 260 343 314 κᾶν
387 261 460 330 μὴ
511 258 730 328 πλέητε,
779 259 907 330 ἐρῶ·
955 261 1420 330 στρατεύεσθε,
1467 260 1572 315 κᾶν
1618 261 1930 332 ἡσυχάζητε.

238 347 563 420 παρωξυγκέ
589 368 654 418 με
677 349 740 402 τὸ
771 346 897 418 περὶ
921 349 1271 417 Χαιρώνειαν
1300 350 1497 413 πάθος.
1528 352 1932 420 τολμηρότερόν

238 458 304 505 με
341 437 432 492 καὶ
464 438 814 508 θρασύτερον
853 436 941 490 ε’πὶ
972 439 1071 499 τὰς
1101 439 1437 507 δημηγορίας
1475 440 1784 507 πεποίηκεν.
1824 436 1930 508 ἔχω

237 529 444 596 ταύτην
474 534 572 580 τοῦ
605 529 804 595 μίσους
834 526 1119 580 ὑπόθεσιν.
1159 525 1265 580 κᾶν
1297 528 1355 580 oc
1381 526 1498 581 νέοι
1531 528 1930 598 στρατεύεσθαι

172 637 192 670 ⁶
237 618 309 685 μὴ
334 615 560 684 θέλωσι,
591 617 722 678 τοὺς
752 615 985 685 πατέρας
1017 624 1128 668 τῶν
1159 614 1284 683 περὶ
1308 617 1654 687 Χαιρώνειαν
1688 620 1929 685 τετελευ-

237 707 483 774 τηκότων
512 703 813 774 παρατάξαι
844 705 1184 773 πειράσομαι.
1226 704 1311 758 28.
1342 703 1414 758 ἵν’
1454 701 1558 758 οὖν
1588 705 1777 774 μηκέτι
1809 706 1932 758 τού-

238 813 349 847 των
380 793 612 862 ἀκούητε
636 801 748 846 τῶν
780 795 975 861 λόγων,
1002 792 1120 846 ἀλλ’
1150 793 1492 862 ἀπαλλαγῆτέ
1515 801 1615 847 τοῦ
1648 795 1929 863 διοχλοῦν-

238 902 346 950 τος,
370 890 469 935 τοῦ
495 884 820 945 διολλύ-ντος
849 882 1008 951 ὑμᾶς,
1033 882 1400 936 ἀποκτείνατε.
1431 885 1706 952 λυπήσατε
1736 885 1931 935 Φίλιπ-

237 989 358 1025 πον.
384 971 787 1041 ἀχθεσθήσεται
805 970 1210 1040 Δημοσθένους
1226 974 1671 1040 τετελευτηκότος
1693 969 1755 1024 ἐν
1771 969 1930 1039 Ἀθή-

172 1083 215 1115 10
239 1081 361 1123 ναις
383 1059 544 1129 (καὶ)
568 1059 850 1129 ταφέντος.
881 1061 954 1129 μὴ
978 1061 1082 1131 γὰρ
1108 1060 1283 1129 ἴδοιμι
1307 1061 1512 1128 ταύτην
1536 1060 1640 1128 ἐγὼ
1673 1061 1775 1128 τὴν
1803 1059 1931 1128 ἡμέ-

240 1170 345 1220 ραν
368 1147 504 1218 μηδὲ
537 1153 847 1218 θεασαίμην
879 1149 1055 1202 ἐκεῖνο
1087 1150 1148 1202 τὸ
1179 1147 1378 1218 θέαμα,
1412 1148 1649 1216 ἐμαυτὸν
1679 1150 1786 1202 ὑπὸ
1818 1158 1931 1202 τῶν

239 1240 573 1308 δορυφόρων
611 1238 886 1307 ἀγόμενον
925 1237 1015 1291 καὶ
1056 1239 1351 1306 βαδίζοντα
1396 1240 1498 1306 τὴν
1548 1237 1636 1291 ἐπὶ
1675 1239 1929 1291 Μακεδο-

151 1332 271 1376 RIV
287 1336 372 1376 825
419 1329 548 1380 νίαν
581 1326 715 1380 ὁδὸν
753 1328 846 1379 διὰ
879 1330 1106 1395 Πυλῶν,
1141 1327 1148 1396 Ι
1184 1327 1247 1390 ἃς
1276 1324 1508 1395 ἔκλεισα,
1545 1328 1639 1380 διὰ
1674 1326 1928 1392 Φωκέων,

240 1415 339 1479 οὓς
375 1413 628 1468 ἔκλαυσα.
669 1414 736 1468 οὐ
776 1415 1046 1483 βούλομαι
1084 1416 1179 1479 τὰς
1217 1417 1378 1478 κενὰς
1416 1417 1599 1484 κώμας
1639 1416 1779 1468 ἰδεῖν
1817 1425 1931 1468 τῶν

173 1527 214 1559 15
242 1504 572 1558 ἑαλωκότων.
614 1498 703 1557 οἷα
741 1505 845 1573 γὰρ
886 1502 977 1557 καὶ
1015 1507 1289 1572 πείσομαι,
1327 1505 1591 1558 θεάσεταί
1625 1523 1691 1573 με
1736 1507 1929 1557 Φίλιπ-

239 1612 340 1657 πος
394 1592 712 1661 δεδεμένον,
769 1591 968 1656 εἰσάξει
1023 1613 1088 1661 με
1142 1595 1218 1656 εἰς
1271 1594 1332 1646 τὸ
1391 1594 1766 1662 δεσμωτήριον
1818 1601 1931 1645 τῶν

241 1681 573 1749 ἑαλωκότων,
613 1681 679 1734 ὃν
719 1681 821 1734 οὐκ
859 1679 1199 1751 ἐχειρώσατο.
1256 1682 1341 1734 29.
1383 1680 1495 1749 ἐρεῖ
1531 1689 1721 1735 ταῦτα·
1764 1680 1930 1734 ἐκεί-

240 1791 396 1834 νους
441 1769 545 1823 ἐπὶ
591 1773 1004 1838 Χαιρωνείας
1050 1768 1314 1839 ἔλαβον,
1368 1779 1606 1824 τοῦτον
1646 1769 1705 1834 ἐξ
1748 1766 1929 1838 Ἀθη-

312 1951 414 2050 36163
431 1945 515 2048 2εέΐ.
555 1961 599 2002 p.
627 1950 727 2000 288,
748 1950 801 1988 18
948 1951 1001 1989 14
1045 1946 1102 1989 cf.
1145 1946 1205 1990 ad
1243 1961 1289 2002 p.
1316 1950 1417 2000 280,
1437 1950 1504 1989 11.
1552 1946 1668 1990 Dem
1699 1944 1802 1988 fals.
1835 1944 1927 2002 leg.

239 2021 284 2063 P·
401 2041 412 2060 2

360 2175 383 2212 1
423 2167 615 2225 πλέηται
648 2169 877 2213 MatMon
909 2168 990 2211 sed
1022 2169 1072 2212 in
1102 2168 1190 2212 hoc
1218 2183 1239 2212 ε
1271 2182 1412 2224 supra.
1444 2185 1493 2211 αι
1614 2172 1638 2210 3
1671 2165 1753 2218 τὰς
1783 2169 1929 2222 δημη-

240 2226 402 2285 γορίας
434 2227 598 2283 scripsi
675 2234 777 2277 ταῖς
809 2225 1114 2284 δημηγορίαις
1144 2227 1255 2271 libri
1287 2227 1354 2271 Re
1497 2231 1522 2270 5
1554 2224 1747 2270 θέλουσι
1770 2225 1870 2268 HV

239 2286 441 2330 θέλωσιν
467 2288 532 2331 Li
657 2291 683 2330 6
717 2285 796 2331 ἵνα
822 2287 885 2331 Li
1018 2291 1041 2329 7
1075 2283 1175 2330 ἀλλ’
1212 2287 1504 2343 ἀπαλλαγῆτε
1536 2285 1699 2341 scripsi
1732 2299 1788 2328 ex
1812 2284 1929 2328 HLi

302 2345 415 2389 ἀλλὰ
448 2347 739 2403 ἀπαλλαγῆτε
771 2346 814 2388 V
840 2346 908 2389 Re
984 2346 1100 2389 ἀλλά
1137 2347 1396 2402 παλλαγῆτε
1424 2346 1531 2389 Mat
1605 2343 1719 2387 ἀλλὰ
1757 2345 1929 2387 παλλα-

240 2410 347 2462 γῆτε
377 2406 493 2449 Mon
628 2409 654 2448 8
685 2411 767 2448 τοῦ
801 2404 1065 2454 διολλύντος
1096 2404 1261 2460 scripsi
1294 2418 1349 2447 cx
1373 2404 1491 2448 HLi
1548 2409 1630 2447 τοῦ
1663 2404 1931 2453 διολοῦντος

242 2464 470 2508 MatMon
512 2463 674 2507 lacobs
714 2463 881 2507 Schulz
915 2468 970 2508 58
1046 2470 1129 2507 τοῦ
1174 2466 1466 2521 διοχλοῦντος
1505 2463 1550 2508 V
1584 2462 1652 2505 Re
1727 2461 1929 2505 delenda.

242 2525 399 2567 censet
432 2522 634 2565 Sintenis
757 2527 782 2565 9
815 2522 1065 2580 ἀχθέσεται
1097 2521 1243 2566 Cobet
1274 2521 1373 2567 Con
1398 2526 1482 2566 302
1515 2523 1565 2564 ai?
1596 2520 1652 2564 cf.
1678 2521 1711 2564 t.
1738 2520 1757 2562 I
1782 2524 1882 2573 386,
1901 2524 1926 2563 5

363 2586 417 2625 10
449 2581 529 2624 καὶ
559 2581 734 2625 inserui
796 2596 872 2625 om
903 2581 1012 2625 libri
1044 2582 1112 2624 Re
1151 2583 1157 2637 Ι
1196 2580 1463 2636 ταφθέντος
1491 2581 1554 2625 Li
1698 2584 1749 2621 11
1784 2578 1843 2635 μὴ
1877 2577 1929 2622 δὲ

241 2641 470 2685 HMatLi
610 2644 664 2683 14
697 2640 836 2691 κενὰς
868 2640 1031 2697 scripsi
1064 2655 1169 2684 cum
1199 2641 1408 2684 lacobsio
1441 2639 1548 2683 Add
1580 2642 1664 2682 213
1697 2638 1809 2681 Lech
1844 2642 1925 2682 151

242 2699 338 2744 Rev
371 2704 457 2743 425
492 2698 657 2743 Schulz
689 2703 746 2741 58
809 2698 970 2749 κοινὰς
994 2701 1051 2744 H
1055 2700 1325 2744 VMatMon
1348 2699 1416 2742 Re
1477 2696 1642 2748 καινὰς
1658 2697 1721 2740 Li
1752 2698 1800 2740 eb
1823 2697 1928 2740 coni

241 2757 478 2802 Weiskius
503 2758 610 2814 Hyp
634 2758 676 2800 II
701 2762 756 2801 30
782 2761 830 2801 eb
855 2758 1058 2801 Sintenis
1086 2761 1092 2814 Ι
1119 2766 1210 2802 τῶν
1243 2755 1508 2802 ἑαλωκότων
1542 2756 1741 2799 delenda
1772 2757 1930 2800 censet:

242 2817 477 2861 Weiskius
601 2821 655 2860 15
680 2816 887 2860 θεάσατέ
900 2817 956 2860 Η
963 2818 1233 2861 VMatMon
1259 2817 1339 2861 scd
1364 2817 1413 2860 in
1436 2817 1524 2860 hoc
1549 2813 1599 2858 αί
1624 2828 1765 2871 supra
1789 2814 1810 2859 ε’

245 2880 297 2918 17
333 2874 539 2927 ἐκείνους
562 2875 727 2932 scripsi
788 2875 980 2927 τούτους
1002 2875 1112 2920 libri
1136 2876 1204 2919 Re
1326 2880 1380 2919 18
1414 2875 1578 2933 ἔλαβον
1602 2888 1678 2917 om
1701 2875 1767 2918 Li
1792 2875 1797 2929 Ι
1825 2873 1927 2917 τού-

243 2951 333 2979 των
367 2936 637 2980 VMatMon
668 2935 750 2979 sed
781 2935 829 2977 in
860 2934 948 2978 hoc
972 2937 990 2947 ”
1017 2949 1158 2990 supra.
1187 2933 1198 2948 '
1234 2936 1280 2977 cb
1311 2951 1365 2978 ον
1397 2947 1536 2990 supra
1569 2951 1634 2976 ων
