2010 3168
222 139 328 192 194
684 139 912 184 LIBANH
942 139 1331 184 DECLAMATIO
1363 140 1491 183 XVII

219 275 292 338 ὡς
331 270 398 328 οὗ
438 278 700 345 κρείττων
738 273 890 328 ἐστὶν
928 277 1218 345 Αἰσχίνης,
1261 275 1507 329 ἐνταῦθα
1546 277 1717 331 αὐτὸν
1755 276 1903 331 ε’τόλ-

216 379 361 432 μησα
400 364 646 416 διώκειν·
686 361 802 416 ἐπεὶ
844 360 904 417 δὲ
950 362 1204 432 Ἀθήνησι
1243 361 1345 433 μὲν
1381 364 1414 433 ἡ
1454 366 1656 434 κρίσις,
1697 367 1904 434 εἰσελη-

217 453 425 505 λύθατε
466 449 526 505 δὲ
565 453 700 505 κατὰ
739 454 870 514 τοὺς
907 454 1115 519 νόμους
1153 460 1253 506 τοῦ
1294 455 1579 521 Σόλωνος,
1625 452 1793 522 μέγας
1842 454 1903 507 δὲ

217 540 246 595 ὁ
285 542 549 602 κίνδυνος
586 550 699 593 τῶν
738 541 917 610 ὅρκων
955 540 1386 611 παρορωμένων,
1435 541 1563 604 ἴσως
1610 542 1679 594 ἄν
1724 562 1776 595 τι
1816 541 1903 611 γέ-

172 651 191 682 5
216 648 368 682 νοιτο
408 637 473 699 τῇ
512 631 668 682 πόλει
706 629 900 700 κέρδος
938 629 1043 682 ἀπὸ
1084 637 1179 698 τῆς
1218 637 1448 698 γραφῆς,
1488 631 1624 682 ὥστε
1666 631 1764 683 τὸν
1801 631 1905 698 μὲν

214 717 542 787 ἀμφοτέρων
588 719 785 771 δοῦναι
833 719 1019 787 δίκην,
1066 717 1157 771 καὶ
1205 713 1283 771 ὧν
1329 719 1652 787 πρεσβεύων
1698 721 1902 786 ἔβλαψε

211 805 303 859 καὶ
344 802 423 859 ὧν
460 810 794 877 πυλαγορῶν
825 806 1099 876 ἐζημίωσε,
1139 816 1253 869 τοῖς
1284 803 1345 859 δὲ
1376 816 1575 860 τοῦτον
1606 806 1901 877 ἐζηλωκόσι

213 894 477 963 γενέσθαι
516 896 689 964 δῆλον
736 896 819 949 ὅτι
866 906 982 958 τοῖς
1026 897 1174 966 παρὰ
1220 905 1332 949 τῶν
1377 899 1654 965 πολεμίων
1700 898 1901 966 λαμβά-

211 999 410 1037 νουσιν
450 985 528 1046 εἰς
565 985 665 1052 τὴν
706 983 937 1053 ἐσχάτην
974 985 1271 1054 συμφορὰν
1307 984 1340 1053 ἡ
1380 987 1552 1051 τόλμα
1588 989 1826 1057 τελευτᾷ.

146 1093 188 1125 10
324 1071 373 1126 5.
413 1071 531 1125 Ὅτι
577 1069 679 1141 μὲν
725 1069 829 1126 οὖν
879 1072 1206 1142 ἐσκεμμένος
1246 1075 1514 1143 Αἰσχίνης
1559 1073 1650 1126 καὶ
1700 1077 1902 1143 λόγους

210 1163 456 1230 μακροὺς
494 1160 584 1214 καὶ
622 1164 900 1224 πιθανοὺς
938 1162 1308 1230 μεμελετηκὼς
1347 1164 1706 1230 εἰσελήλυθεν
1737 1162 1902 1227 αὐτός

123 1254 350 1298 RIJI398
396 1269 453 1303 τε
493 1250 595 1303 οὐκ
631 1256 636 1314 Ι
672 1250 855 1318 ἀγνοῶ
895 1250 986 1303 καὶ
1015 1250 1157 1317 ὑμᾶς
1197 1250 1402 1304 εἰδέναι
1449 1253 1673 1320 νομίζω,
1719 1245 1762 1324 ᾧ
1795 1253 1901 1321 γὰρ

210 1339 335 1409 περὶ
373 1346 467 1408 τῆς
507 1342 776 1408 σωτηρίας
816 1338 845 1392 ὁ
887 1341 1061 1408 φόβος
1099 1340 1190 1392 καὶ
1233 1341 1297 1393 τὰ
1335 1340 1437 1408 μὲν
1475 1340 1764 1410 πράγματα
1802 1359 1899 1393 πο-

213 1427 376 1496 νηρά,
423 1430 585 1496 λόγος
625 1424 685 1480 δὲ
731 1428 870 1495 ὑπὲρ
918 1429 1132 1481 τούτων
1171 1427 1378 1491 ἁπλοῦς
1425 1429 1556 1482 οὐδὲ
1602 1420 1702 1497 εἷς,
1752 1440 1900 1482 πᾶσα

145 1536 186 1569 15
212 1515 422 1584 ἀνάγκη
483 1518 658 1588 τούτῳ
714 1515 787 1569 δι’
850 1513 930 1570 ὧν
991 1517 1061 1570 ἂν
1122 1516 1339 1585 γένοιτο
1401 1518 1899 1587 παρακρούσασθαι

210 1607 340 1667 τοὺς
386 1605 706 1670 δικάζοντας
741 1606 1212 1675 παρεσκευάσθαι·
1265 1607 1349 1659 δεῖ
1388 1606 1450 1658 δὲ
1498 1605 1640 1674 ὑμᾶς
1679 1606 1898 1674 αὐτούς,

211 1694 345 1746 ὅταν
397 1701 562 1746 τοῦτο
615 1701 771 1764 ποιῇ,
825 1693 1082 1760 μειζόνως
1137 1694 1456 1764 ὀργίζεσθαι
1509 1692 1598 1746 καὶ
1653 1699 1899 1764 χαλεπῶς

209 1778 373 1850 ἔχειν,
412 1783 463 1834 εί
498 1785 744 1851 τεχνίτης
781 1781 884 1851 μὲν
922 1779 1002 1834 ὢν
1040 1790 1139 1834 τοῦ
1179 1780 1360 1849 λέγειν
1407 1782 1498 1834 καὶ
1541 1783 1900 1851 σοφισμάτων

210 1869 394 1938 γέμων
431 1871 803 1923 παντοδαπῶν
841 1870 979 1939 πρὸς
1024 1866 1127 1938 μὲν
1172 1870 1271 1922 τὸν
1317 1868 1526 1939 ἐχθρὸν
1571 1878 1666 1939 τῆς
1704 1891 1761 1923 τε
1799 1873 1896 1924 πό-

145 1980 187 2011 20
211 1962 345 2021 λεως
382 1957 474 2012 καὶ
505 1967 617 2012 τῶν
640 1957 921 2028 Ἑλλήνων
953 1957 1212 2011 ἁπάντων
1242 1960 1442 2027 μυρίας
1471 1956 1613 2028 ἔχων
1644 1958 1900 2028 ἀφορμὰς

330 2138 354 2176 6
387 2133 517 2178 Dem.
546 2147 635 2177 cor.
669 2149 713 2190 p.
740 2138 914 2187 235,17
933 2148 1023 2189 sq.;
1054 2132 1159 2177 fals.
1185 2132 1275 2190 leg.
1299 2148 1345 2189 p.
1373 2137 1472 2187 344,
1493 2139 1568 2187 123
1600 2137 1702 2189 438,
1721 2137 1775 2177 23

330 2197 384 2235 15
416 2191 545 2236 Dem.
570 2208 615 2249 p.
643 2197 772 2247 1047,
791 2198 858 2236 12.
891 2192 999 2248 Lyc.
1032 2193 1187 2236 Leocr.
1212 2197 1236 2245 ξ
1265 2197 1348 2236 139

330 2359 353 2396 1
387 2361 593 2409 κρεῖττον
617 2356 673 2399 Η
710 2357 716 2411 Ι
755 2355 898 2399 αὐτὸν
928 2354 1104 2398 inserui
1137 2368 1191 2398 ex
1215 2355 1454 2400 AthHMa
1514 2369 1590 2398 om
1614 2357 1660 2400 P
1686 2355 1776 2398 edd

210 2419 235 2456 5
267 2413 350 2457 τὸν
383 2412 463 2468 μὲν
488 2413 651 2470 scripsi
676 2427 700 2457 e
726 2414 815 2458 Ma
874 2421 966 2458 τῶν
989 2413 1073 2470 μὲν
1098 2414 1154 2457 Η
1208 2421 1300 2458 τῶν
1325 2415 1465 2458 AthP
1485 2414 1575 2457 edd
1604 2414 1685 2457 sed
1713 2415 1893 2470 „malim

209 2471 290 2516 τὸν
322 2472 465 2516 αὐτὸν
498 2471 798 2528 ἀμφοτέρων“
833 2473 901 2517 Re
959 2480 1126 2517 τοῦτον
1157 2472 1229 2516 vel
1261 2473 1405 2516 αὐτὸν
1428 2471 1702 2529 ἀμφοτέρων
1732 2473 1893 2516 Iacobs

210 2531 306 2574 Rev
330 2535 417 2574 426
554 2536 579 2573 6
615 2530 786 2589 ἔβλαψε
819 2531 984 2588 scripsi
1016 2545 1072 2575 cx
1095 2533 1154 2576 Η
1223 2531 1399 2596 ἔγραψε
1423 2532 1653 2576 AthPMa
1683 2531 1775 2575 edd

212 2595 234 2633 ‘1
267 2590 444 2634 τούτων
468 2591 523 2634 Η
641 2595 665 2633 9
696 2593 883 2651 τελευτᾷ
913 2590 1079 2647 scripsi
1111 2603 1166 2634 ex
1190 2592 1430 2635 AthHMa
1461 2604 1565 2633 cum
1597 2589 1768 2634 Cobeto
1794 2589 1895 2634 Coll

211 2653 293 2692 271
374 2647 560 2693 ἁπαντᾶ
586 2650 631 2693 Ρ
658 2649 760 2693 Mor
835 2651 1022 2710 ἀπαντᾷ
1054 2650 1121 2693 Re
1267 2655 1318 2692 11
1361 2649 1667 2705 μεμελετηκὼς
1693 2651 1781 2693 Μα
1811 2649 1893 2693 sed

211 2709 335 2763 με(1)
366 2707 415 2750 in
444 2721 520 2751 ras
553 2707 622 2750 m²
758 2713 812 2751 13
845 2708 1144 2766 πεπραγμένα
1170 2709 1228 2752 H
1357 2714 1412 2752 14
1444 2706 1491 2751 δ’
1519 2709 1605 2751 Μα
1735 2712 1788 2752 15
1821 2707 1894 2765 γε’-

1273 2784 1332 2816 ως

210 2840 336 2868 νοιτο
371 2822 430 2868 ἂν
456 2825 545 2869 Ma
667 2830 720 2868 17
752 2826 952 2883 χαλεπὸν
977 2827 1070 2869 Ath
1129 2826 1331 2882 χαλεπὸν
1354 2826 1401 2869 P
1455 2827 1662 2882 χαλεπῶς
1685 2825 1787 2868 Mor
1809 2825 1891 2868 sed

211 2900 263 2937 γρ
290 2884 489 2939 χαλεπὸν
513 2884 562 2927 in
585 2897 720 2940 marg
840 2889 895 2927 18
919 2885 1002 2940 μὲν
1027 2898 1102 2928 om
1120 2886 1208 2929 Ma
1235 2887 1241 2941 Ι
1270 2882 1334 2928 ὢν
1355 2898 1430 2928 om
1447 2885 1541 2929 Ath
1661 2889 1717 2927 20
1741 2883 1892 2927 &noiv-

210 2958 300 2985 των
332 2942 517 2997 reposui
551 2956 575 2986 e
605 2942 737 2986 libris
799 2942 988 2988 πάντων
1020 2943 1110 2986 edd
