2010 3168
294 107 722 154 DEMOSTHENIS
753 107 1016 153 MORTEM
1046 108 1340 152 PETENTIS
1374 69 1598 154 ORATIO
1700 110 1807 162 283

110 244 387 315 ἐνε’γκαιμ’
435 243 506 298 ἂν
544 246 641 312 ζῆν
680 242 741 296 ἐν
778 244 1124 315 1Μακεδονίᾳ,
1154 244 1287 313 <ἐν>
1317 253 1433 308 τοῖς
1463 246 1809 299 Μακεδόνων

112 337 271 388 ἔθεσι
317 334 407 387 καὶ
452 335 643 400 νόμοις
686 333 820 400 μετὰ
866 335 996 396 τοὺς
1034 333 1383 404 Δράκοντος,
1431 331 1473 387 ὦ
1519 334 1671 403 θεοί,
1718 334 1808 388 καὶ

117 425 405 490 Σόλωνος,
450 423 583 491 μετὰ
635 423 1007 491 δημοκρατίαν
1054 421 1116 475 ἐν
1161 424 1479 492 τυραννίδι,
1518 422 1661 492 ’μετὰ
1697 433 1809 476 τῶν

111 513 365 579 ἀσελγῶν
395 512 486 564 καὶ
519 513 865 579 μεθυόντων,
896 512 1039 580 ’μετὰ
1077 520 1189 564 τῶν
1227 515 1409 579 μίμων
1446 512 1537 565 καὶ
1570 521 1682 565 τῶν
1714 532 1807 566 κα-

110 611 222 663 κῶς
246 599 616 670 ὀρχουμένων,
642 602 1026 668 σκωπτόμενος
1057 598 1148 653 καὶ
1180 603 1583 670 τωθαζόμενος;
1612 597 1807 664 οὗτός
1856 623 1875 654 5

117 690 253 743 ἐστι
301 687 736 759 Δημοσθένης
784 689 812 742 ὁ
861 689 1207 757 δύσκολος,
1255 675 1293 743 ὁ·
1333 690 1728 760 δύστροπος,
1778 689 1807 743 ὁ

110 781 183 833 τὸ
232 779 405 848 ὕδωρ
456 780 463 848 Ι
504 780 737 846 πίνων,
776 777 805 831 ὁ
845 778 1286 849 διακωμῳδῶν
1324 780 1440 847 τὴν
1478 779 1628 848 ἡμε-
1666 783 1899 828 R1V250

110 867 310 937 τέραν
349 868 728 921 εὐπάθειαν.
793 867 879 920 34.
919 866 1025 935 ἐγὼ
1072 866 1164 920 καὶ
1209 866 1509 934 τέμνεσθαι
1555 866 1647 921 καὶ
1693 871 1809 921 καί-

112 963 281 1010 εσθαι
319 960 530 1024 μᾶλλον
570 956 640 1009 ἂν
674 955 801 1009 καθ’
841 956 1048 1026 ἡμέραν
1081 956 1343 1025 δεξαίμην
1374 956 1407 1025 ἢ
1439 963 1514 1028 τῷ
1554 959 1808 1029 Φιλίππω

115 1053 402 1099 συνειπεῖν
433 1045 494 1098 ἐν
520 1055 639 1108 ταῖς
669 1055 852 1115 τιμαῖς
877 1047 1291 1115 Παρμενίωνος.
1323 1049 1381 1098 τί
1409 1043 1482 1114 δ’,
1514 1044 1584 1098 ἂν
1615 1046 1810 1116 κελεύῃ
1835 1068 1879 1100 10

111 1155 180 1202 με
226 1135 555 1204 πρεσβεύειν
600 1136 678 1198 εἰς
723 1135 818 1197 τὰς
870 1137 1056 1196 πόλεις
1101 1133 1191 1187 καὶ
1243 1136 1589 1207 παλινῳδίαν
1634 1133 1811 1206 ᾄδειν,

117 1223 202 1276 ὅτι
241 1223 462 1277 ἐκεῖνα
500 1221 616 1290 μὲν
659 1220 739 1292 ἦν
777 1223 811 1277 ἃ
849 1226 1172 1293 πρότερον
1217 1224 1374 1292 ὑμῖν
1421 1226 1651 1291 ἔλεγον
1701 1237 1812 1277 συ-

116 1312 478 1382 κοφάντου,
525 1311 711 1365 ταυτὶ
760 1309 828 1366 δὲ
875 1311 996 1365 ἀπὸ
1044 1320 1154 1380 τῆς
1200 1312 1528 1381 ἀληθείας.
1576 1314 1812 1366 Φίλιπ-

111 1420 237 1463 πος
284 1401 608 1469 ἀπόγονος
652 1400 767 1470 μέν
818 1401 998 1455 ἐστιν
1038 1402 1240 1454 αὐτοῦ
1280 1409 1396 1454 τοῦ
1435 1403 1622 1470 Διός,
1662 1421 1812 1470 χρη-

118 1491 269 1553 στὸς
308 1487 375 1543 δὲ
414 1491 528 1543 τὸν
557 1493 827 1560 τρόπον,
867 1491 983 1559 τὴν
1015 1487 1084 1543 δὲ
1123 1491 1408 1559 δύναμιν
1447 1490 1812 1543 ἀνυπόστα-
1837 1511 1878 1544 15

117 1600 252 1648 τος,
291 1581 556 1642 δίκαιος
592 1580 753 1648 πρὸς
783 1581 938 1642 τοὺς
972 1582 1234 1648 φίλους,
1266 1585 1443 1632 θεῶν
1482 1577 1813 1648 ἐπιμελής;

114 1669 319 1731 ταύτας
372 1668 572 1737 ἀφήσει
626 1667 994 1737 Δημοσθένης
1047 1668 1143 1731 τὰς
1193 1669 1383 1736 φωνὰς
1438 1666 1500 1720 ἐν
1550 1666 1815 1738 Ἀργείοις

116 1758 207 1810 καὶ
249 1760 593 1826 Μεσσηνίοις
629 1755 722 1810 καὶ
760 1765 877 1820 τοῖς
920 1758 1108 1819 ἄλλοις
1131 1755 1382 1825 “Έλλησι;

231 1846 317 1900 35.
355 1847 455 1914 Μὴ
512 1851 595 1915 εἴη
649 1866 743 1916 μοι
798 1847 1070 1911 σώζεσθαι
1122 1845 1251 1899 καθ’
1304 1845 1488 1915 ὑμῶν,
1534 1842 1577 1899 ὦ
1618 1846 1815 1913 ἄνδρες

117 1934 419 2004 Ἀθηναῖοι,
457 1933 586 2004 μηδ’
631 1934 774 1989 οὕτω
815 1931 947 1988 ποτὲ
978 1934 1118 2004 μέγα
1147 1935 1460 2004 ἡγησαίμην
1496 1935 1600 2003 τὴν
1633 1934 1814 2003 ψυχὴν
1839 1956 1883 1990 20

116 2024 257 2077 ὥστε
295 2025 454 2096 πόθῳ
502 2032 601 2077 τοῦ
651 2026 746 2093 ζῆν
790 2023 998 2091 βλάψαι
1049 2024 1151 2091 τὴν
1191 2023 1505 2091 ἐνέγκασαν.
1544 2024 1815 2092 βλάψαιμι

239 2159 264 2197 2
298 2154 356 2199 cf.
388 2171 433 2211 p.
462 2159 562 2208 325,
583 2160 635 2198 17
781 2161 807 2199 4
841 2154 970 2199 Dem.
1005 2154 1075 2199 Ol.
1102 2154 1142 2197 11
1173 2171 1217 2211 p.
1245 2160 1316 2209 23,
1337 2158 1390 2198 15
1409 2169 1476 2210 sq.
1624 2159 1650 2198 6
1682 2153 1813 2197 Dem.

119 2213 237 2257 Phil.
263 2213 305 2257 II
343 2229 387 2271 p.
417 2218 536 2269 73‚3
556 2229 620 2270 sq.
670 2213 771 2258 Lib.
811 2214 890 2258 vit.
932 2214 1062 2257 Dem.
1102 2230 1148 2271 p.
1174 2219 1223 2270 4,
1244 2219 1297 2258 16
1444 2217 1467 2256 7
1513 2213 1635 2257 Plat.
1676 2212 1814 2270 Gorg.

119 2287 165 2329 p.
191 2273 332 2316 462E
457 2278 511 2317 10
545 2273 601 2317 cf.
635 2289 680 2330 p.
710 2278 808 2327 199,
828 2279 876 2327 1;
910 2277 1011 2328 250,
1032 2278 1099 2317 15.
1144 2273 1276 2317 Dem.
1309 2272 1410 2316 fals.
1444 2272 1534 2329 leg.
1568 2287 1613 2328 p.
1640 2276 1740 2326 362,
1759 2276 1814 2315 29

242 2337 292 2376 11
341 2331 398 2376 cf.
430 2347 475 2389 p.
503 2337 602 2387 335,
622 2340 643 2375 1
769 2337 823 2376 14
857 2333 913 2376 cf.
945 2335 978 2376 t.
1004 2332 1068 2375 IV
1094 2336 1193 2388 283,
1214 2337 1266 2375 17
1285 2332 1327 2375 R
1449 2337 1503 2375 15
1536 2331 1666 2375 Dem.
1701 2330 1770 2375 Ol.
1795 2330 1816 2374 I

117 2406 162 2447 p.
193 2396 268 2445 10,
287 2397 335 2445 23
371 2396 438 2445 19,
461 2396 485 2435 9
514 2392 521 2450 ι
549 2392 719 2450 [Deum]
747 2391 870 2436 Erot.
897 2407 942 2448 p.
972 2396 1099 2446 1410,
1119 2396 1144 2434 2
1271 2396 1322 2434 17
1358 2391 1415 2435 cf.
1441 2393 1475 2435 t.
1492 2390 1555 2434 IV
1581 2389 1817 2443 254,15R

245 2516 267 2554 1
302 2508 553 2567 ἐνέγκαμεν
585 2508 646 2554 ἂν
681 2511 762 2554 καὶ
803 2508 1074 2567 ἐνέγκαιμεν
1106 2508 1165 2554 ἂν
1190 2511 1284 2554 Ath
1333 2513 1339 2564 ξ
1390 2507 1417 2566 ἢ
1451 2510 1560 2553 ante
1591 2512 1674 2565 ζῆν
1706 2507 1817 2551 libri

119 2572 215 2617 edd
276 2569 428 2614 delevi
490 2573 655 2626 διαζῆν
688 2570 793 2614 coni
825 2569 982 2614 Gasda
1031 2572 1037 2626 Ι
1089 2569 1208 2626 ἐν(2)
1241 2569 1416 2614 inserui
1449 2582 1554 2612 eum
1587 2567 1744 2611 Gasda

120 2646 198 2676 om
227 2629 339 2674 libri
371 2629 462 2672 edd
583 2634 608 2671 5
648 2631 797 2680 καλῶς
828 2629 933 2673 coni
964 2629 1065 2672 Mor
1186 2633 1211 2671 6
1252 2629 1346 2672 ἐστι
1376 2627 1552 2671 inserui
1583 2641 1638 2670 ex
1664 2627 1757 2670 Ath

124 2705 198 2734 om
216 2692 261 2735 P
283 2689 374 2734 edd
494 2692 521 2732 8
555 2689 605 2733 δὲ
630 2689 739 2744 post
764 2687 850 2745 ἐγὼ
874 2687 1172 2732 inserendum
1200 2686 1305 2731 coni
1330 2686 1486 2730 Gasda
1607 2690 1632 2728 9
1666 2687 1817 2741 καθη-

122 2748 270 2806 μέραν
291 2751 337 2794 Ρ
457 2751 511 2791 10
537 2745 951 2805 ἐγκαταλεγόμενος
976 2747 1037 2790 ad
1063 2747 1113 2791 ἐν
1135 2754 1237 2796 ταῖς
1259 2745 1310 2790 in
1333 2759 1467 2802 marg
1483 2745 1619 2789 adscr
1635 2743 1700 2788 P'
1780 2801 1789 2810 .

127 2813 180 2851 14
213 2808 335 2853 ἐστιν
367 2821 443 2851 om
466 2807 560 2851 Ath
703 2810 759 2850 20
800 2805 860 2863 μὴ
894 2803 940 2851 δ’
968 2807 1015 2851 Ρ
1156 2809 1210 2848 21
1253 2803 1365 2850 ὥστε
1403 2803 1591 2861 reposui
1626 2817 1652 2847 e
1682 2801 1817 2846 libris

123 2881 230 2910 cum
269 2866 480 2910 Iacobsio
519 2865 631 2909 Lect
657 2869 739 2907 102
773 2864 870 2908 Rev
896 2869 920 2908 3
958 2865 1086 2908 Anth
1125 2863 1407 2907 Pa1111273
1447 2862 1629 2906 Sinteni
1661 2861 1819 2905 Gasda

186 2925 289 2970 οὔτε
321 2926 413 2969 edd
