2010 3168
447 92 876 139 DEMOSTHENIS
905 92 1252 138 DEDITIONIS
1280 92 1520 138 ΡΕΤΙΤΙΟ
1731 93 1843 146 335

151 232 253 300 τὴν
275 229 510 284 Ἑλλάδα
534 230 878 301 παλινῳδίαν
909 222 1034 300 ᾆσαι
1067 229 1149 282 ὅτι
1187 230 1511 292 Φίλιππος
1543 229 1838 298 εὐσεβής,

151 321 403 387 πιστός,
458 319 738 384 δίκαιος,
784 317 1334 386 Ἑλληνικώτατος
1388 319 1492 371 καὶ
1555 318 1752 372 οὐδὲν
1804 319 1839 387 ἢ

150 408 297 477 <οὐ>
326 408 531 460 πολλὰ
562 416 689 460 τῶν
721 410 1077 475 Ἀθηναίων
1108 406 1404 460 ἐλάττων.
1440 408 1699 475 βούλοιτο
1731 408 1837 476 γὰρ

151 496 221 550 ἂν
273 496 420 568 αὑτῷ
474 497 707 558 τούτους
759 495 997 565 ὑπάρξαι
1049 496 1197 564 παρὰ
1255 504 1352 564 τῆς
1405 494 1535 563 ἐμῆς
1595 497 1838 565 γλώττης

148 586 279 647 τοὺς
315 586 516 652 λόγους
553 584 588 653 ἢ
623 587 858 654 μυρίους
897 584 1044 656 αὑτῷ
1077 585 1363 647 Πύθωνας
1401 583 1679 652 γενέσθαι.
1721 578 1837 637 οἶδε
1885 605 1909 637 ⁵

147 675 253 743 γὰρ
297 673 371 736 ὡς
409 672 438 726 ὁ
470 673 704 742 μάλιστα
744 674 916 726 αὐτὸν
955 673 1330 742 διαβεβληκὼς
1368 669 1532 737 οὗτος
1570 672 1641 726 ἂν
1669 674 1838 740 μόνος

145 760 236 815 καὶ
275 770 595 829 μεταπεῖσαι
638 763 884 816 δύναιτο.
945 761 1031 815 31.
1076 764 1358 815 Φίλιππον
1402 762 1504 829 μὲν
1550 757 1654 815 οὖν
1691 761 1837 824 εἰκὸς

147 851 279 904 οὐδὲ
316 851 516 920 ταύτης
551 850 856 921 ἀφέξεσθαι
890 857 897 915 Ι
930 858 1027 919 τῆς
1064 853 1271 921 πείρας,
1311 849 1418 919 ἐγὼ
1460 851 1522 904 δὲ
1559 851 1655 904 αὐ-
1702 855 1932 900 RIV278

146 941 245 993 τὸν
292 931 374 1003 οἷς
429 939 533 1009 ἐρῶ
579 941 718 1009 πρὸς
761 948 984 1010 ταχεῖαν
1028 939 1202 1009 ὀργὴν
1248 938 1618 1007 ἐπισπάσομαι
1670 940 1836 993 πάλιν

147 1030 388 1099 ὄλεθρον
426 1033 633 1098 καλῶν,
679 1029 847 1082 πάλιν
885 1029 1171 1099 βάρβαρον
1216 1027 1307 1082 καὶ
1347 1028 1525 1097 λέγων
1563 1030 1636 1092 ὡς
1673 1029 1835 1082 ἀθά·
1861 1051 1906 1082 10

146 1137 340 1180 νατος
377 1117 410 1185 ἡ
449 1127 575 1171 τῶν
615 1121 972 1186 Ἀθηναίων
1010 1119 1200 1180 πόλις
1236 1118 1343 1171 καὶ
1382 1118 1462 1180 ὡς
1501 1117 1835 1187 ἀμήχανον

144 1207 415 1269 ψευδεῖς
462 1205 858 1276 ἐλεγχθῆναι
913 1207 1023 1269 τὰς
1067 1204 1229 1276 ὑπὲρ
1276 1207 1474 1275 αὐτῆς
1527 1210 1837 1276 μαντείας

145 1295 250 1348 καὶ
305 1296 386 1358 ὡς
439 1294 560 1363 ἐγὼ
616 1296 733 1363 μὲν
771 1295 931 1366 αὐτῇ
986 1298 1138 1359 τοὺς
1187 1297 1640 1365 αἰχμαλώτους
1686 1295 1835 1349 ἀνα-

146 1392 352 1437 σῶσαι
408 1381 487 1437 δι’
534 1384 816 1453 ἐμαυτοῦ
871 1387 1231 1453 προσήκειν
1281 1383 1634 1454 ὑπέλαβον,
1685 1385 1720 1454 ἡ
1767 1382 1835 1438 δὲ

145 1471 250 1526 καὶ
313 1474 469 1526 ἄνευ
531 1474 784 1526 τούτων
843 1470 1124 1542 ἔρρωται
1184 1473 1290 1527 καὶ
1352 1469 1534 1527 οἶδεν
1597 1473 1698 1527 ὅτι
1759 1474 1834 1527 οὐ
1861 1494 1905 1527 15

143 1563 507 1630 νενίκηκας.
559 1562 646 1615 32.
684 1563 823 1632 πρὸς
866 1562 1038 1615 ταῦτά
1075 1581 1142 1631 με
1179 1561 1557 1616 κατακοπτέτω
1596 1561 1687 1615 καὶ
1725 1572 1835 1617 τῶν

147 1651 492 1720 σπλάγχνων,
554 1652 603 1704 εἰ
656 1651 938 1719 βούλεται,
991 1650 1259 1720 γευέσθω.
1322 1652 1524 1722 ῥᾳδίως
1582 1651 1716 1705 οἴσω
1770 1652 1837 1705 τὰ

144 1741 509 1809 χαλεπώτατα.
573 1741 629 1793 τί
687 1742 1057 1810 λογιζόμενος;
1119 1740 1204 1794 ὅτι
1264 1739 1370 1793 κᾶν
1422 1749 1530 1793 νῦν
1581 1741 1837 1811 μυριάκις

144 1828 438 1896 ἀποθάνω,
484 1831 587 1898 τήν
624 1849 687 1897 γε
727 1827 896 1893 δόξαν
933 1830 1002 1898 ἣν
1041 1826 1207 1898 ἔσχον
1244 1831 1391 1900 παρὰ
1433 1838 1548 1891 τοῖς
1572 1828 1837 1898 ’Ἕλλησιν

266 2009 288 2047 1
324 2003 382 2047 cf.
415 2018 459 2060 p.
487 2008 587 2059 283,
609 2010 660 2048 11
785 2009 810 2049 5
844 2005 901 2049 cf.
929 2005 987 2049 ad
1013 2020 1057 2062 p.
1085 2009 1184 2059 259,
1205 2009 1280 2058 193
1314 2009 1502 2060 280‚16;
1528 2009 1684 2061 328‚9;
1712 2008 1746 2049 t.
1771 2006 1834 2049 IV

142 2063 430 2178 {7'12'81533‘5q
514 2067 570 2107 10
613 2078 681 2120 sq.
716 2064 845 2108 Dem.
880 2064 997 2108 Phil.
1022 2064 1086 2108 ΠΙ
1123 2080 1168 2121 p.
1198 2069 1433 2120 ll9‚6sq.
1579 2070 1632 2108 11
1678 2065 1735 2109 cf.
1774 2065 1834 2108 ad

262 2290 287 2328 2
320 2280 348 2342 ἦ
383 2286 440 2329 Vi
560 2289 586 2328 3
623 2286 678 2329 οὐ
710 2285 886 2330 inserui
915 2287 970 2330 ut
1000 2286 1125 2330 inser
1148 2286 1214 2332 P*
1244 2288 1292 2331 et
1324 2287 1429 2331 coni
1459 2287 1562 2331 Mor
1600 2289 1648 2331 et
1669 2286 1836 2331 Iacobs

141 2343 239 2386 Rev
271 2348 299 2388 4
360 2357 435 2388 om
466 2343 576 2388 libri
608 2344 699 2388 edd
776 2343 917 2390 οὐδὲν
947 2345 1005 2389 τὰ
1035 2345 1183 2389 πολλὰ
1215 2345 1321 2391 coni
1353 2345 1509 2390 Gasda
1650 2350 1677 2389 4
1709 2347 1834 2405 αὐτῷ

142 2402 308 2459 scripsi
369 2404 494 2461 αὐτῷ
518 2404 819 2449 HVPViMa
850 2404 943 2449 edd
1004 2405 1118 2449 αὐτὸ
1146 2404 1199 2450 ΟΖ
1238 2406 1245 2462 Ι
1287 2404 1515 2460 ὑπάρξειν
1544 2405 1647 2449 Μοι·
1681 2407 1687 2461 Ι
1729 2406 1835 2460 περὶ

145 2461 199 2506 Ol
341 2466 366 2506 5
411 2464 537 2521 αὐτῷ
576 2461 685 2506 libri
721 2463 812 2507 edd
861 2466 869 2521 Ι
917 2466 1147 2515 πυθῶνας
1180 2466 1236 2509 Vi
1285 2466 1290 2521 Ι
1341 2461 1470 2509 οἶδεν
1493 2465 1552 2509 Η
1621 2464 1761 2508 οὐδὲν
1794 2466 1843 2509 Ρ

142 2520 245 2564 Μοι·
274 2521 357 2577 qui
388 2522 544 2573 οὐδεὶς
580 2521 684 2566 coni
827 2527 853 2566 6
893 2523 1038 2568 αὐτὸν
1076 2523 1263 2580 reposui
1295 2537 1320 2567 e
1351 2523 1484 2568 libris
1560 2523 1704 2567 αὑτὸν
1743 2523 1834 2566 edd

145 2578 151 2638 Ι
188 2577 334 2631 οὕτως
363 2580 465 2624 Mor
497 2580 578 2625 sed
610 2597 665 2638 γρ
701 2577 836 2632 οὗτος
874 2582 924 2626 in
955 2596 1090 2640 marg
1138 2585 1144 2639 Ι
1193 2581 1340 2639 μόνον
1370 2583 1418 2626 in
1451 2595 1584 2639 marg
1618 2582 1696 2626 Vi²

145 2642 200 2681 10
239 2639 384 2684 καλὸν
417 2640 475 2684 Vi
619 2643 673 2683 13
712 2641 972 2685 ἀνασώσειν
1004 2643 1060 2686 Vi
1204 2647 1258 2685 15
1300 2641 1495 2697 ἔρρωται
1533 2641 1697 2697 scripsi
1730 2655 1835 2685 cum

141 2726 353 2772 Iacobsio
384 2728 498 2772 Leci:
530 2732 614 2772 105
678 2728 847 2783 ἔρρωτο
886 2729 997 2774 libri
1029 2730 1119 2774 edd
1146 2732 1154 2787 Ι
1189 2718 1319 2774 οἷὸῗν
1347 2732 1436 2775 Μα
1496 2727 1605 2774 οἶδα
1638 2730 1695 2773 Vi
1730 2729 1738 2789 Ι
1777 2731 1834 2773 οὐ

143 2786 307 2842 scripsi
378 2803 432 2842 με
457 2787 751 2832 HVPMaGl
781 2788 872 2832 edd
942 2803 1015 2833 om
1051 2790 1108 2833 Vi
1178 2790 1234 2833 οὐ
1266 2792 1373 2845 post
1403 2805 1457 2845 με
1489 2789 1613 2831 inser
1638 2789 1692 2833 01
1757 2789 1834 2833 οὐ-

142 2844 258 2889 δένα
296 2843 325 2901 ἢ
365 2845 442 2902 ἐμὲ
482 2846 587 2890 coni
618 2846 708 2900 Re,
747 2846 898 2904 μάτην
934 2847 1099 2892 Iaoobs
1130 2848 1237 2892 Add
1263 2853 1346 2892 167
1387 2848 1499 2892 Lect
1524 2852 1608 2892 105
1640 2847 1739 2891 Rev
1760 2852 1788 2891 4
1824 2847 1831 2905 Ι

142 2902 345 2948 κοπτέτω
378 2905 437 2948 Vi
468 2905 550 2949 sed
589 2921 709 2949 κατα
739 2906 788 2949 in
819 2920 953 2964 marg
984 2907 1078 2950 add
1109 2906 1180 2949 m’
1301 2911 1354 2950 17
1387 2905 1595 2962 γενέσθω
1629 2907 1734 2951 VVi
1763 2906 1834 2950 Re
