2010 3168
952 659 1172 713 XXVII.

214 779 554 840 Δύσκολος
593 779 893 831 ὤλισθεν.
942 778 970 831 ὁ
1011 787 1159 841 παῖς
1197 780 1418 849 παρὼν
1466 779 1743 849 ἐγέλασε.
1793 782 1898 835 καὶ

716 866 1151 937 ἀποκηρύττει
1192 868 1402 922 αὐτόν.

123 961 243 1005 RIV
260 966 343 1005 612
505 956 550 1009 1.
584 953 804 1025 Ἐπειδή
844 975 973 1010 ποτε
1014 957 1153 1028 ῥᾷον
1190 955 1356 1027 ἔσχον
1395 958 1500 1012 ἀπὸ
1544 966 1643 1012 τοῦ
1682 960 1898 1029 πτῶμα-

212 1065 328 1114 τος,
375 1046 448 1108 ὡς
492 1047 698 1115 μήποτε
745 1046 985 1114 ὤφελον,
1035 1046 1349 1100 ὀδυνᾶσθαι
1396 1049 1498 1118 γὰρ
1551 1049 1777 1117 ἄμεινον
1830 1045 1899 1117 ἦν

171 1135 247 1204 5ἢ
286 1136 573 1197 τοσούτοις
621 1133 940 1203 ἀνθρώποις
985 1138 1371 1206 προσελθόντα
1418 1141 1627 1205 λαλεῖν,
1677 1138 1789 1205 ἥκω
1836 1138 1897 1191 τὸ

212 1224 533 1292 πολύγελων
585 1223 739 1277 τουτὶ
792 1224 1079 1293 μειράκιον
1132 1225 1222 1277 καὶ
1276 1226 1512 1279 κλαῦσαί
1562 1243 1693 1279 ποτε
1739 1245 1899 1280 κατα-

212 1314 518 1382 ναγκάσων.
566 1311 727 1377 ἐξελῶ
776 1313 880 1382 γὰρ
930 1313 1062 1365 αὐτὸ
1110 1321 1205 1382 τῆς
1252 1315 1425 1377 οἰκίας
1471 1314 1579 1368 ὑπὸ
1627 1313 1900 1384 μάρτυσιν

211 1402 362 1471 ὑμῖν,
402 1402 586 1471 ἐπειδὴ
626 1409 788 1455 τοῦτο
828 1399 983 1465 ἔδοξε
1020 1408 1095 1474 τῷ
1134 1409 1348 1475 χρηστῷ
1382 1403 1659 1474 νομοθέτῃ
1695 1405 1766 1473 μὴ
1808 1404 1899 1473 ἐμὲ

212 1492 409 1559 κύριον
448 1487 590 1544 εἶναι
628 1498 723 1559 τῆς
771 1492 946 1554 οἰκίας
991 1489 1188 1555 ἐξῶσαι
1233 1493 1331 1545 τὸν
1379 1491 1498 1560 ἐμοὶ
1545 1492 1898 1563 διαφέροντα,

124 1585 243 1628 RIV
261 1590 344 1629 613
393 1579 531 1634 ἀλλὰ
577 1582 910 1649 συμψήφους
956 1582 1147 1647 λαβεῖν
1192 1583 1321 1643 τοὺς
1355 1582 1361 1650 Ι
1396 1583 1527 1650 μήτε
1582 1592 1695 1644 τοῖς
1750 1580 1899 1650 ἐμοῖς

146 1693 188 1724 11
213 1671 344 1737 μήτε
384 1668 510 1736 ἐμοί
544 1690 595 1722 τι
641 1671 1031 1746 προσήκοντας.
1086 1672 1145 1722 τί
1186 1671 1290 1740 γὰρ
1336 1670 1478 1739 ὑμᾶς
1522 1668 1634 1724 ἔδει
1680 1675 1898 1740 μαθεῖν,

330 1830 388 1872 Η
439 1852 495 1866 =
522 1830 676 1874 Codex
707 1829 1158 1885 Hierosolymibanus
1191 1829 1234 1874 S.
1268 1830 1478 1887 Sepulcri
1511 1835 1594 1875 107

341 1888 381 1932 V
438 1911 494 1926 =
520 1889 775 1933 Vaticanus
808 1904 875 1946 gr.
902 1893 987 1932 940

331 1949 376 1991 B
439 1971 494 1985 τ-
519 1949 800 1992 Barberinus
832 1949 874 1992 H
898 1953 952 1992 41

339 2008 409 2052 Va
441 2030 496 2045 =
527 2008 779 2052 Vaticanus
810 2022 876 2064 gr.
903 2012 959 2051 82

335 2068 385 2112 Ol
439 2090 494 2104 =
518 2067 831 2112 Berolinensis
863 2082 932 2125 gr.
959 2071 1042 2111 195
1075 2067 1186 2111 olim
1219 2067 1605 2113 Claromon'oanus

332 2127 392 2170 M
440 2149 494 2163 =
520 2126 784 2171 Marcianus
818 2142 884 2184 gr.
910 2131 996 2170 439

332 2279 357 2317 3
391 2274 418 2330 ἡ
453 2274 608 2326 στάσις
638 2274 946 2333 πραγματική.
1008 2273 1255 2331 προοίμιον
1286 2275 1334 2319 in
1361 2290 1495 2333 marg
1521 2276 1611 2321 Va'

333 2428 354 2466 1
373 2419 502 2478 ’Ἁλλη
528 2422 696 2479 μελέτη,
722 2420 901 2477 θεωρία
926 2425 1034 2466 ante
1052 2422 1287 2475 Δύσκολος
1310 2424 1401 2467 edd
1463 2424 1611 2468 delevi
1732 2429 1756 2466 2
1784 2424 1895 2467 ἀπο-

213 2482 422 2538 κηρύττει
454 2482 555 2525 Mor
587 2482 667 2525 sed.
700 2499 753 2537 γρ
786 2482 1152 2538 ἀποκηρύττεται
1183 2481 1231 2526 in
1263 2497 1395 2540 marg
1464 2482 1773 2538 ἀποκηρύσσει
1801 2484 1895 2526 ΗΒ

272 2541 639 2597 ἀποκηρύσσεται
674 2542 742 2586 Va
769 2543 774 2597 Ι
803 2541 946 2586 αὐτόν
971 2556 1045 2586 om
1070 2542 1204 2586 VaM
1321 2548 1345 2585 3
1379 2542 1550 2599 μελέτη.
1577 2544 1684 2586 ante
1704 2539 1896 2598 Ἐπειδὴ

216 2646 279 2698 ΟΖ,
313 2602 417 2689 ἀντλί
444 2646 521 2699 Μ,
555 2643 789 2694 Δύσκολος
827 2645 1158 2701 ἀποκηρύττων
1198 2645 1288 2689 edd
1366 2645 1514 2690 delevi
1656 2649 1683 2688 4
1728 2642 1895 2699 ὄφελον

217 2706 277 2748 Μ
314 2706 319 2760 Ι
363 2705 592 2749 ἀνιᾶσθαι
619 2705 680 2748 Μ
796 2708 821 2747 5
854 2704 1054 2757 ἀνδράσι
1087 2705 1276 2750 VaOlM
1394 2709 1416 2747 7
1450 2703 1543 2748 ἀπὸ
1576 2706 1684 2748 ante
1713 2710 1794 2758 τῆς
1827 2705 1896 2748 Va

332 2767 358 2806 8
390 2770 524 2807 τοῦτο
558 2777 631 2806 om
659 2763 711 2808 Ol
831 2767 855 2806 9
888 2769 969 2818 τῆς
1000 2762 1151 2814 οἰκίας
1181 2763 1355 2806 inserui
1387 2777 1443 2807 ex
1467 2765 1526 2808 Η
1530 2763 1766 2808 VVaOlM
1821 2777 1896 2806 om

214 2822 258 2864 B
292 2822 382 2865 edd
410 2824 415 2878 Ι
443 2827 524 2877 τῆς
556 2819 708 2872 οἰκίας
740 2823 848 2865 ante
871 2822 952 2867 τὸν
979 2824 1041 2867 M
1158 2827 1212 2866 10
1243 2830 1324 2867 τοῦ
1349 2825 1394 2866 Β
1517 2828 1568 2866 11
1603 2818 1708 2878 μήτ’
1738 2822 1855 2866 ΟΙΜ
1884 2822 1889 2878 Ι

215 2879 315 2937 ἐμοί
346 2897 391 2924 τι
422 2881 524 2924 Mor
561 2881 642 2924 sed
673 2897 727 2938 γρ
762 2880 913 2937 ἔμοιγε
951 2881 1000 2924 in
1031 2896 1164 2938 marg
1240 2881 1338 2938 ἐμοὶ
1368 2879 1412 2924 τί
1436 2882 1494 2926 Η
1563 2880 1713 2938 ἔμοιγε
1741 2880 1855 2925 OlM
1884 2881 1890 2938 1

214 2941 288 2983 δεῖ
311 2940 363 2984 02
