2010 3168
226 255 493 310 νευσαν,
533 241 840 310 ὑπῆλθον
880 243 1185 304 δουλείας
1226 243 1424 309 ζυγὸν
1462 240 1567 294 καὶ
1609 245 1761 305 τοὺς
1799 243 1918 311 μὲν
1998 271 2000 274 v

226 329 642 397 ἀπέκτειναν,
685 331 1016 383 Φίλιππον
1049 327 1117 382 δὲ
1151 338 1578 400 στεφανοῦσι,
1619 330 1705 383 68.
1730 332 1922 400 Αἰσχί-

226 438 324 486 νης
362 421 557 471 τοίνυν
597 418 730 471 αὐτὸ
769 417 976 487 πράξας
1016 416 1247 486 ἐφῖκται.
1286 418 1407 472 είπέ
1441 438 1553 487 μοι,
1591 419 1730 488 πρὸς
1768 425 1922 472 θεῶν

224 505 520 576 ἐγχωρίων,
552 505 673 559 εἰπέ
700 526 812 575 μοι,
838 508 903 575 εἰ,
932 506 1023 559 ὅτε
1055 507 1270 560 τούτων
1301 506 1613 575 γινομένων
1647 506 1920 576 ἐσίγησας,

180 617 199 649 5
225 594 485 665 ἐξαίφνης
531 593 850 658 ἐπιστάντες
894 595 1152 665 πρέσβεις
1198 595 1304 648 ἀπὸ
1354 603 1449 663 τῆς
1495 594 1664 658 Ἀσίας
1711 593 1921 664 ἔλεγον,

224 684 307 736 ὄτι
346 683 375 737 ὁ
414 685 675 752 βασιλεὺς
714 683 743 737 ὁ
784 682 951 752 μέγας
996 681 1138 753 ἔχων
1187 684 1327 736 ὅπλα
1373 685 1476 738 ὅσα
1523 683 1708 747 οὐδεὶς
1758 686 1923 747 ἄλλος

225 772 542 842 ἀνθρώπων
582 773 649 825 οὐ
691 773 902 840 δούλην
941 769 1043 841 μὲν
1082 775 1275 839 λαβεῖν
1321 773 1423 841 τὴν
1454 770 1689 826 Ἑλλάδα
1727 774 1922 842 βούλε-

221 881 308 914 ται
355 858 488 913 οὐδὲ
535 859 796 930 ἐπιθυμεῖ
843 859 1096 930 δένδρων
1142 870 1255 914 τῶν
1306 860 1586 931 ὑμετέρων
1633 858 1764 915 οὐδὲ
1810 871 1922 915 τῶν

223 951 406 1002 ἄλλων
451 949 708 1018 ἀγαθῶν,
767 957 1040 1003 τοσοῦτον
1094 947 1155 1003 δὲ
1202 948 1524 1018 ἐπαγγέλλει
1570 949 1660 1003 καὶ
1711 951 1922 1019 ἡγεῖται

156 1061 199 1093 10
223 1039 462 1106 ζηλωτὸν
501 1039 562 1091 ἓν
607 1039 668 1091 τὸ
716 1037 1060 1108 ἐγγραφῆναι
1107 1047 1223 1101 τοῖς
1274 1038 1668 1108 ἀμφικτύοσιν,
1720 1034 1807 1108 ἆρ’
1853 1037 1922 1092 ἂν

222 1125 477 1195 ἐσίγησας
515 1126 548 1194 ἢ
590 1126 769 1196 ῥητωρ
824 1126 895 1179 ἂν
948 1122 1126 1197 ἧσθα;
1183 1128 1231 1180 εἰ
1283 1123 1386 1194 μὲν
1439 1129 1543 1196 γὰρ
1598 1128 1804 1180 ταύτὸν
1853 1127 1923 1180 ἂν

222 1214 439 1283 ἐποίεις,
477 1220 693 1268 θεᾶσθε
732 1217 831 1268 τὸν
868 1217 1219 1285 πυλαγόραν·
1261 1216 1310 1268 εἰ
1349 1214 1397 1268 δ’
1454 1217 1628 1279 εὐθὺς
1673 1216 1924 1278 ἀντεῖπες

222 1303 468 1372 ἐκείνοις,
507 1307 565 1357 τί
596 1303 666 1357 ὀὲν
697 1299 860 1373 εἶπες,
893 1309 950 1357 εἴ
973 1324 1058 1367 τις
1093 1302 1357 1357 ἐπύθετο·
1398 1306 1432 1357 δ
1444 1306 1508 1358 ιὰ
1547 1306 1610 1358 τί
1644 1306 1767 1375 πρὸ
1807 1313 1921 1358 τοῦ

222 1393 542 1446 δεσπότου
593 1394 706 1445 τὸν
760 1394 1006 1447 δοῦλον
1045 1394 1246 1461 ‘’ipsas-3
1296 1392 1328 1461 ἢ
1379 1393 1463 1446 ὅτι
1512 1401 1586 1466 τῷ
1633 1394 1742 1463 μὲν
1789 1408 1921 1462 συγ-

156 1505 198 1538 15
223 1480 470 1549 γέγονας,
508 1487 584 1552 τῷ
624 1477 685 1534 δὲ
724 1482 900 1551 οὔπως

334 1569 419 1623 69.
462 1569 544 1622 Οὐ
584 1568 834 1639 γέγονεν,
873 1565 915 1622 ὦ
956 1572 1153 1639 ἄνδρες
1203 1569 1502 1639 Ἀθηναῖοι,
1544 1572 1923 1640 χαλεπώτερον

221 1656 388 1729 ἔργον
442 1657 560 1711 οὐδ’
611 1658 640 1711 ὃ
689 1663 901 1728 μᾶλλον
954 1657 1125 1722 ἔδειξε
1179 1669 1356 1721 κακῶς
1417 1660 1768 1727 πράττουσαν
1820 1660 1922 1727 τὴν

226 1747 465 1800 Ελλάδα.
497 1745 631 1799 ἀλλ’
661 1747 910 1814 ἤκουον
933 1746 1324 1816 Ἀμφίπολιν
1359 1750 1690 1816 εἰλῆφθαι.
1734 1748 1923 1801 δεινὸν

222 1835 346 1904 μέν,
394 1831 509 1888 ἀλλ’
557 1834 646 1888 ἐπὶ
690 1834 921 1906 Θρᾴκης.
973 1837 1222 1903 ἤκουον
1263 1837 1649 1889 Ποτίδαιαν.
1708 1834 1920 1890 ἔποικοι

227 105 336 158 230
691 105 921 149 LmANn
950 105 1344 150 DEGLAMATIO
1375 105 1505 150 XVII
1958 0 2010 324 Ι

342 1972 396 2010 18
429 1982 496 2023 sq.
515 1967 571 2011 cf.
590 1966 721 2010 Dem.
741 1966 809 2010 01.
827 1966 847 2008 Ι
863 1981 907 2022 p.
929 1971 997 2022 12,
1016 1971 1071 2009 26
1090 1981 1155 2022 sq.
1282 1972 1338 2010 19
1372 1966 1502 2011 Dem.
1521 1967 1639 2011 Phil.
1657 1967 1759 2023 Hp.
1781 1971 1918 2021 70‚29

350 2090 375 2128 3
409 2086 595 2141 ἐφῖκται
627 2084 793 2140 scripsi
825 2086 1014 2128 auctore
1044 2085 1113 2128 Re
1175 2085 1372 2139 ἀφῖκται
1410 2085 1520 2128 libri
1552 2085 1642 2128 edd
1703 2085 1894 2140 ἀφεῖται
1903 2103 1919 2139 ,-

224 2142 369 2188 Cobet
402 2143 610 2188 0011273
661 2146 667 2200 Ι
717 2142 818 2188 εἰπέ
844 2170 898 2177 —-
923 2149 951 2187 4
983 2142 1216 2202 ἐγχωρίων
1251 2144 1428 2188 inserui
1460 2157 1484 2187 e
1513 2146 1601 2189 Ma
1681 2158 1757 2188 om
1780 2145 1924 2188 AthP

223 2203 314 2246 edd
434 2207 462 2246 4
494 2202 650 2260 ἐσίγας
674 2205 763 2247 Μα
883 2208 909 2247 5
942 2202 1156 2261 πρέσβεις
1187 2203 1456 2255 ἐπιστάντες
1478 2203 1546 2247 Re
1670 2208 1693 2246 7
1728 2203 1915 2258 ἀνθρώ-

221 2278 324 2306 πων
354 2262 543 2318 reposui
575 2276 600 2306 e
630 2261 763 2305 libris
839 2261 1095 2318 ἄνθρωπος
1125 2262 1216 2306 edd
1359 2267 1385 2307 8
1421 2261 1655 2318 ἡμετέρων
1680 2263 1775 2307 Ath.

225 2326 249 2363 9
282 2321 556 2395 ἀπαγγέλλει
583 2321 716 2366 ΡΜα
747 2321 849 2365 Mor
971 2325 1026 2364 10
1058 2319 1369 2378 ἀμφικτυόσιν
1393 2322 1536 2366 AthP
1561 2321 1682 2364 Mor⁴
1786 2325 1840 2364 10
1870 2323 1917 2364 et
2009 2364 2010 2377 Ι

226 2380 353 2436 11(2)
387 2396 446 2423 αν
486 2394 560 2424 om
600 2381 669 2423 Re
815 2385 868 2424 12
913 2378 1085 2430 ἐποίεις
1117 2380 1280 2436 scripsi
1313 2393 1368 2424 ex
1393 2381 1536 2424 AthP
1563 2380 1644 2423 sed
1683 2379 1732 2422 in
1771 2380 1861 2423 hoo
1893 2398 1915 2431 ς

225 2438 320 2482 add
343 2438 412 2481 m²
474 2437 622 2483 ἐποίει
640 2441 728 2483 Μα
754 2439 845 2483 edd
872 2439 878 2496 Ι
904 2439 1150 2483 θεάσασθε
1172 2441 1259 2483 Μα
1284 2439 1365 2482 sed
1388 2442 1484 2483 σθε
1499 2438 1550 2482 in
1572 2451 1648 2482 ras
1679 2437 1750 2481 m²
1771 2441 1915 2482 πυλα-

225 2495 365 2554 γόρον
382 2498 525 2542 AthP
548 2499 567 2572 Ι
582 2497 634 2541 δε
654 2499 743 2542 Μα
770 2501 775 2555 Ι
805 2495 999 2549 ἐκείνοις
1023 2498 1187 2554 scripsi
1249 2498 1392 2542 ἐκεῖσε
1409 2499 1550 2542 AthP
1569 2497 1660 2541 edd
1722 2511 1797 2540 om
1823 2499 1912 2542 Ma

347 2561 399 2600 13
441 2554 567 2601 διατί
590 2558 734 2601 AthP
851 2562 904 2600 14
948 2574 1010 2600 τω
1037 2559 1083 2602 Ρ
1113 2559 1118 2613 Ι
1158 2558 1213 2601 οὐ
1246 2560 1355 2600 ante
1386 2554 1667 2614 συγγέγονας
1689 2557 1784 2600 Ath
1813 2556 1915 2600 Mor

286 2615 362 2658 del
392 2615 460 2659 Re
584 2621 637 2658 15
671 2613 717 2660 δ’
752 2616 822 2660 Re
849 2620 854 2673 Ι
883 2615 1068 2673 signum
1095 2615 1476 2672 interrogationis
1506 2615 1656 2671 posui,
1686 2617 1913 2686 punctum

224 2673 334 2717 libri
365 2674 457 2717 edd
579 2679 633 2717 17
661 2674 777 2747 οὐδὲ
808 2675 876 2718 Re
903 2678 910 2731 Ι
938 2681 1069 2731 „post
1096 2691 1152 2731 τη
1154 2692 1180 2718 ν
1214 2674 1381 2719 ἑλλάὸα
1413 2675 1530 2719 deest
1553 2675 1733 2729 aliquid
1763 2688 1797 2718 e.
1822 2688 1857 2718 c.
1882 2671 1911 2729 ἢ

224 2732 253 2788 ἡ
279 2730 556 2788 δωροδοκία,
588 2730 673 2788 υφ’
702 2729 757 2786 ἧς
782 2709 1051 2784 ἐκλυθέντες
1081 2734 1162 2777 καὶ
1186 2732 1507 2788 ναρκωθέντες
1535 2734 1619 2789 (vel
1641 2730 1911 2788 τυφλωθὲν-

224 2794 312 2846 τες)
344 2791 548 2842 ἅπαντες
580 2793 665 2836 οὐκ
696 2790 904 2849 ᾔσθοντο
935 2800 1017 2837 τοῦ
1047 2799 1194 2836 κακοῦ
1226 2790 1513 2846 προσιόντος,
1546 2791 1655 2836 οὐδὲ
1689 2789 1764 2846 ἐφ’
1804 2790 1907 2835 ἑαυ-

223 2851 333 2900 τοὺς
372 2848 498 2905 ἥξειν
529 2850 829 2906 προσεδόκων
860 2852 927 2895 vel
957 2853 1121 2895 similis
1152 2852 1392 2907 quaepiam
1421 2852 1672 2895 sententi‘a‘
1704 2851 1770 2893 Re

228 2913 280 2951 19
314 2907 487 2962 ἤκουον
513 2936 567 2942 -
593 2914 735 2963 231,1
775 2909 963 2971 Θράκης
993 2910 1166 2953 inserui
1199 2925 1222 2952 e
1250 2912 1338 2954 Ma
1399 2923 1474 2953 om
1498 2910 1641 2953 AthP
1667 2909 1758 2952 edd
