2010 3168
706 90 961 137 CEPHALI
993 91 1219 136 ORATIO
1703 93 1807 145 139

115 250 214 284 του
268 238 612 298 κατηγοριῶν
664 236 760 297 τῆς
813 228 1105 297 ῥητορικῆς
1163 230 1397 298 ἄρχεται.
1470 228 1694 292 ἀντίθες
1748 228 1808 282 ἐν

114 322 305 389 βραχεῖ
350 320 479 381 τοὺς
525 321 700 386 βίους.
763 315 946 379 οὐδεὶς
999 319 1302 387 κατήγορος
1342 316 1570 386 ἐλέγξει,
1626 316 1805 389 [οὐδὲ]

115 409 314 474 οὐδείς,
354 406 436 459 ὅτι
476 407 541 459 τὰ
579 408 876 476 μικρότατα
917 399 1178 477 ᾐτιάθηνῖ·
1219 408 1286 459 τὰ
1324 406 1552 475 μέγιστα
1591 405 1808 475 ἐνεκλή-

114 503 234 564 θης.
269 497 276 566 Ι
312 496 442 549 οὐδὲ
468 494 527 549 ἐκ
551 495 716 565 τύχης
741 495 1001 563 ἁμαρτεῖν
1027 494 1207 559 ἔδοξα·
1234 493 1318 564 ἐφ’
1354 494 1627 558 ἑκουσίοις
1687 501 1743 543 Η.
1761 500 1894 544 IX62

114 586 495 654 ὑπωπτεύθης.
536 584 937 654 ἐβουλεύσαντο
976 585 1258 653 πολλάκις,
1299 586 1348 638 εἰ
1387 585 1447 638 σὲ
1480 588 1576 652 ζῆν
1615 584 1807 637 ἐάσου-
1855 606 1874 638 5

115 690 225 728 σιν·
267 673 389 727 οὐδ’
435 675 794 727 αἰτιάσασθαί
830 673 898 743 με’
930 694 1013 736 τις
1045 673 1426 741 ἐβουλεύσατο.
1468 673 1804 743 ἐπῃνούμην·

115 762 393 817 ἐνεκαλοῦ.
446 763 890 832 ἐστεφανούμην·
930 762 1294 825 ἐκινδύνευες.
1343 762 1586 832 ἐκρίνου·
1629 762 1807 815 ἐδίκα-

115 856 221 918 ζον.
264 851 519 914 ὶκέτευες·
558 851 774 921 ἠλέουν.
814 852 1077 914 πολλάκις
1117 864 1177 905 σε
1208 851 1357 919 κάγὼ
1397 852 1808 922 παρῃτησάμην.

226 942 312 995 39.
361 944 496 1009 Τρία
535 944 730 997 τοίνυν
769 942 905 1011 πρὸς
942 948 1112 993 ταῦτα
1151 942 1411 1010 βιάζεται·
1464 942 1525 993 ἓν
1563 940 1687 1008 μέν,
1728 941 1808 1003 ὡς

115 1032 230 1085 οὐκ
270 1031 554 1101 ἐκρίθην
593 1031 762 1099 παρὰ
798 1037 941 1098 σοῦ,
983 1027 1120 1083 ὥστ’
1170 1027 1323 1083 οὐδὲ
1363 1032 1807 1098 κατηγόρημαι
1833 1054 1877 1085 ιο

114 1122 183 1174 τὸ
235 1122 390 1173 κατὰ
432 1118 512 1172 σε’.
552 1118 740 1187 ἕτερον
782 1118 860 1186 δέ,
901 1119 973 1182 ὡς
1013 1119 1238 1188 εὐτυχία
1284 1120 1344 1172 τὸ
1385 1121 1696 1189 κατηγόρου
1734 1120 1806 1187 μὴ

114 1219 319 1279 τυχεῖν,
359 1209 588 1276 οὐδεμία
628 1207 812 1278 ἀρετή·
852 1209 1058 1278 τρίτον,
1099 1209 1173 1271 ὡς
1213 1209 1379 1271 αὐτὸς
1409 1205 1512 1278 μὲν
1551 1207 1807 1278 ἀνειμένῃ

114 1300 391 1369 παρρησίᾳ
428 1300 708 1368 χρώμενος
746 1295 839 1350 καὶ
873 1297 1004 1350 οὐδὲ
1035 1299 1305 1350 κίνδυνον
1337 1297 1809 1366 ὑποστελλόμενος

116 1389 334 1451 εἰκότως
373 1386 435 1440 ἐν
473 1390 723 1455 κρίσεσιν
762 1385 842 1439 ὢν
881 1388 1134 1454 διατελεῖ,
1175 1386 1267 1453 ἐμὲ
1307 1387 1366 1439 δὲ
1413 1386 1806 1455 εὐλαβέστερον

115 1477 522 1531 πολιτεύεσθαι.
561 1476 695 1545 πρὸς
738 1475 971 1529 ἕκαστον
1010 1476 1076 1543 δὴ
1117 1477 1330 1529 τούτων
1370 1478 1544 1529 εἰπεῖν
1584 1475 1807 1543 ἀνάγκη.
1834 1498 1875 1531 15

226 1566 313 1619 40.
341 1566 494 1635 Πρὸς
517 1565 619 1633 μὲν
644 1561 748 1618 οὖν
771 1566 832 1618 τὸ
866 1565 984 1618 οὐκ
1018 1564 1278 1635 ἐγράψω
1310 1585 1409 1632 με,
1442 1565 1527 1618 ὅτι
1550 1561 1652 1633 μὲν
1677 1564 1808 1617 οὐδὲ

117 1651 278 1718 οὗτος
311 1654 419 1723 ἐμέ,
462 1661 586 1708 ἴσον
618 1656 756 1724 πρὸς
791 1659 912 1708 ἴσον
945 1654 1015 1708 ἂν
1048 1649 1190 1708 εἶναι
1223 1655 1431 1723 δοκοίη,
1471 1652 1589 1707 ἀλλ’
1631 1654 1808 1707 ἐκεῖνό

118 1765 178 1814 γε
217 1745 320 1798 οὐκ
373 1750 515 1798 ἴσον·
573 1741 662 1813 ἐμὲ
709 1741 812 1813 μὲν
866 1741 984 1797 οὐδ’
1033 1745 1197 1806 ἄλλος
1248 1744 1456 1811 οὐδείς,
1504 1751 1707 1796 τοῦτον
1747 1739 1807 1794 δὲ

116 1835 261 1903 πλὴν
307 1832 441 1903 ἐμοῦ
490 1834 688 1902 σχεδὸν
735 1832 948 1895 πάντες.
997 1834 1044 1886 εἰ
1085 1829 1146 1885 δὲ
1186 1833 1391 1902 σεμνὸν
1429 1829 1527 1901 ὑφ’
1575 1831 1696 1894 ἐνὸς
1734 1833 1806 1900 μὴ

116 1929 396 1992 κριθῆναι,
435 1924 589 1994 πόσῳ
629 1923 689 1976 τὸ
729 1921 854 1991 μηδ’
900 1920 996 1991 ὑφ’
1045 1920 1166 1985 ἐνὸς
1206 1921 1557 1992 ἐντιμότερόν
1598 1921 1734 1991 ἐστι,
1833 1944 1876 1977 20

228 2012 315 2065 41.
363 2012 516 2081 Πρὸς
565 2011 626 2064 δὲ
671 2013 732 2064 τὸ
781 2019 876 2079 τῆς
931 2011 1107 2080 Τύχης
1154 2019 1403 2064 σκοπεῖτε
1455 2011 1526 2073 ὡς
1579 2012 1811 2080 μετρίως

119 2100 239 2171 ἐρῶ.
295 2100 399 2168 ἐγὼ
447 2101 548 2169 μὲν
593 2102 798 2163 παντὸς
843 2104 1016 2153 καλοῦ
1059 2100 1161 2167 τὴν
1207 2100 1392 2168 Τύχην
1438 2099 1808 2168 ὑπολαμβάνω

118 2200 232 2252 τοῖς
278 2189 600 2258 ἀνθρώποις
646 2190 827 2242 αἰτίαν
882 2183 1025 2242 εἶναι
1071 2187 1162 2241 καὶ
1209 2185 1328 2242 οὐδ’
1376 2188 1566 2242 ὁτιοῦν
1616 2207 1808 2255 κατορ-

239 2354 291 2393 11
327 2349 454 2393 Dem.
489 2365 533 2406 p.
563 2353 690 2404 1299,
710 2353 766 2392 14
891 2353 944 2392 13
977 2348 1107 2393 Dem.
1139 2365 1183 2406 p.
1211 2354 1282 2404 54,
1301 2354 1356 2393 28

241 2503 261 2540 1
290 2505 578 2555 κατηγοριῶν
597 2497 762 2554 scripsi
823 2496 1092 2556 κατηγόρων
1113 2499 1248 2543 ΜαΡ
1366 2503 1391 2541 2
1411 2497 1564 2548 ἐλέους
1581 2499 1670 2542 Ma
1696 2500 1702 2554 Ι
1732 2498 1809 2541 οὐ-

121 2559 171 2602 δὲ
204 2558 459 2602 cancellavi
582 2562 606 2599 3
642 2555 710 2601 ’ὅτι
742 2557 907 2613 scripsi
968 2556 1091 2608 ὅστις
1125 2559 1261 2602 ΜαΡ
1299 2560 1305 2613 Ι
1349 2555 1554 2616 ᾐτιάθην
1586 2557 1750 2613 scripsi

121 2614 294 2676 ᾐτιάθη
323 2617 459 2661 ΜαΡ
483 2619 488 2672 Ι
516 2615 763 2673 ταμέγιστα
784 2618 830 2660 Ρ
947 2621 974 2660 4
1000 2616 1163 2669 ἔδοξας
1182 2617 1225 2660 Ρ
1343 2622 1368 2660 5
1394 2617 1705 2672 ὑπωπτεύθης
1723 2618 1811 2660 Μα

121 2676 201 2720 sed
233 2693 304 2719 πω
335 2676 385 2719 in
416 2691 490 2719 ras
515 2675 583 2718 m²
703 2679 729 2719 8
761 2675 958 2732 ἠλέσθαι
984 2678 1072 2720 Ma
1193 2680 1217 2719 9
1251 2674 1411 2720 τοίνυν
1439 2678 1526 2720 Μα
1559 2676 1640 2719 scd
1671 2692 1730 2719 vv
1760 2675 1811 2718 in

120 2749 195 2778 ras
227 2735 296 2777 m²
441 2739 495 2778 10
535 2731 853 2791 κατηγόρημαι
881 2737 968 2779 Μα
1001 2735 1081 2779 sed
1118 2752 1195 2791 μαι
1231 2734 1280 2777 in
1311 2749 1386 2778 ras
1419 2735 1487 2778 m²
1634 2739 1684 2777 12
1726 2733 1810 2789 μὲν

122 2794 286 2849 scripsi
362 2796 447 2838 οὐκ
474 2796 562 2838 Ma
624 2807 699 2837 om
725 2794 771 2837 P
901 2799 954 2837 13
988 2793 1161 2838 οὐδένα
1193 2794 1306 2837 olim
1339 2794 1501 2850 scripsi
1639 2798 1693 2836 16
1726 2791 1809 2849 μὲν

123 2853 232 2897 οὐδὲ
257 2853 422 2909 scripsi
448 2868 471 2896 e
491 2855 579 2898 Ma
641 2853 691 2896 δὲ
716 2853 777 2910 μὴ
802 2852 852 2898 δὲ
870 2855 915 2898 Ρ
1035 2858 1087 2896 17
1107 2856 1156 2896 et
1173 2857 1227 2897 18
1253 2849 1353 2898 ἴσον
1374 2854 1510 2897 ΜαΡ
1628 2857 1682 2896 18
1707 2852 1809 2910 μὲν]

123 2911 175 2956 δὲ
201 2914 289 2957 Μα
411 2916 464 2956 19
498 2912 548 2956 δὲ
583 2910 748 2968 scripsi
808 2912 867 2969 δὴ
892 2914 1026 2957 ΜαΡ
1142 2917 1198 2956 20
1230 2911 1290 2970 μὴ
1323 2909 1368 2957 δ’
1400 2913 1537 2957 ΜαΡ
