2010 3168
19 2884 44 3168 ἱ

297 161 727 206 DEMOSTHEMS
758 161 1023 206 MORTEM
1051 161 1348 206 PETENTIS
1381 161 1608 206 ORATIO
1709 163 1779 215 27
1783 162 1817 214 3

120 298 592 366 συνεβουλεύσατε
630 299 917 366 θνήσκειν.
966 294 1122 350 εἶδον
1167 300 1268 352 τὸν
1307 301 1597 367 φοβοῦντα
1641 299 1820 367 δῆμον

106 376 376 455 ’Ἕλληνας
411 383 502 439 καὶ
535 386 852 455 βαρβάρους
884 386 1346 456 συνεσταλμένον,
1387 383 1454 440 οὗ
1486 387 1821 440 τούναντίον

123 476 374 545 εὐχόμην.
414 471 456 527 ὦ
496 477 549 527 Γ
543 482 576 543 ῆ
614 473 706 528 καὶ
733 473 910 544 ‘'I-Illae,
950 477 1198 545 σπουδῆς
1235 476 1476 545 μεγάλης
1521 476 1613 528 καὶ
1651 480 1820 544 καλῆς

124 566 436 633 διήμαρτον.
478 563 544 616 οὐ
586 563 829 631 δύναμαι
870 566 965 632 ζῆν
1012 564 1190 627 οὕτως
1235 564 1395 631 ὑμῶν
1442 562 1821 633 ἐκκλησιαζόν-

120 672 247 705 των.
290 652 373 706 15.
413 651 610 706 πολλοὶ
647 653 911 715 πολλάκις
951 653 1155 716 αὑτοὺς
1201 653 1594 706 ἐπαπέκτειναν
1634 654 1820 722 (τοῖς)
1867 674 1888 708 5

119 739 431 810 ἐρωμένοις.
472 741 582 811 ὁρῶ
621 741 772 810 κάγὼ
819 742 918 795 τὸν
965 741 1246 811 ἐρώμενον
1291 743 1390 796 τὸν
1437 741 1679 811 ἐμαυτοῦ
1722 743 1822 796 τὸν

122 831 301 899 δῆμον
353 839 466 883 τῶν
510 828 822 900 Ἀθηναίων
877 829 1070 884 οὐκέθ’
1131 830 1332 899 ὁμοίως
1386 831 1688 885 ἀνθοῦντα.
1743 829 1812 884 ἵν’

123 915 227 972 οὖν
274 918 568 988 ἀπαλλαγῶ
616 927 717 995 τοῦ
763 921 1021 983 τοιαύτας
1075 919 1216 991 ὁρᾶν
1273 919 1585 989 ἐκκλησίας,
1634 921 1822 989 ἄπειμι

122 1011 360 1077 τήμερον
420 1009 593 1062 καλὸν
653 1008 807 1072 τέλος
869 1008 1083 1072 ἐπιθεὶς
1142 1019 1258 1073 τοῖς
1322 1009 1822 1079 πεπολιτευμένοις,

127 1098 208 1150 16.
271 1098 389 1151 οὐκ
452 1097 841 1168 ἐκκέκομμαι
902 1099 985 1152 τὼ
1049 1098 1399 1168 ὀφθαλμώ,
1457 1098 1646 1167 λέγεις.
1702 1103 1822 1151 εἴθε
1846 1119 1890 1152 ιο

121 1195 286 1240 τοῦτο
327 1186 661 1240 ἐπεπόνθειν
699 1187 857 1256 ὑμῶν
895 1189 1076 1242 ὄντων
1115 1189 1384 1258 μεγάλων.
1435 1189 1553 1242 οὐκ
1592 1186 1821 1241 ἀποκέ-

123 1296 363 1345 κομμαι
395 1276 535 1344 <τὸ>
567 1275 810 1339 σκέλος.
847 1276 967 1330 εἴθε
999 1276 1282 1346 ἀμφότερα
1312 1284 1413 1330 τοῦ
1445 1279 1823 1347 προσήκοντος

123 1366 259 1434 ὑμῖν
320 1365 755 1434 φυλαττομένου.
819 1366 894 1419 οὐ
955 1375 1268 1437 καταρρεῖ
1327 1386 1438 1435 μοι
1498 1367 1567 1419 τὸ
1632 1367 1822 1435 σῶμα.

122 1456 324 1524 μικρὸν
383 1455 445 1508 τὸ
507 1456 678 1508 κακὸν
739 1463 835 1525 τῆς
898 1454 1162 1525 ὑμετέρας
1230 1453 1542 1525 ἐρρωμένης
1610 1455 1823 1518 τάξεως.

124 1543 287 1612 ὁρᾶτε
332 1544 423 1597 καὶ
469 1545 569 1596 τὸν
623 1547 902 1597 Φίλιππον
957 1544 1024 1598 οὐ
1073 1545 1355 1613 φεύγοντα
1405 1545 1506 1612 τὴν
1559 1545 1823 1612 τοιαύτην
1847 1563 1889 1597 15

125 1633 419 1702 εἰσφοράν,
466 1632 604 1687 ἀλλὰ
651 1644 767 1697 τοῖς
811 1633 1001 1704 μέρεσι
1049 1641 1150 1687 τοῦ
1198 1635 1447 1702 σώματος
1499 1635 1603 1703 τὴν
1657 1632 1824 1697 δόξαν

125 1722 460 1791 ὠνούμενον.
503 1722 586 1775 17.
620 1722 932 1792 ἐβουλόμην
963 1731 1160 1792 χρῆσαι
1190 1724 1290 1776 τὸν
1320 1724 1460 1776 θεὸν
1492 1722 1823 1776 ἀπολεῖσθαι

132 1813 435 1879 Φίλιππον,
498 1813 548 1864 εἰ
603 1812 609 1879 Ι
660 1811 1031 1881 Δημοσθένης
1083 1812 1223 1882 ὑπὲρ
1277 1819 1372 1880 τῆς
1432 1814 1643 1874 πόλεως
1687 1814 1811 1861 RIV
1826 1819 1912 1861 245

127 1899 343 1968 ἐπιδοίη
383 1901 484 1969 τὴν
522 1901 706 1954 παῖδα.
747 1900 814 1953 οὐ
847 1902 953 1970 γὰρ
994 1900 1064 1953 ἂν
1096 1899 1272 1954 εἴδετέ
1306 1920 1372 1970 με
1405 1904 1672 1970 ζητοῦντα
1702 1902 1824 1953 τότε

126 1988 444 2058 φάρμακον,
492 1988 629 2042 ἀλλὰ
667 1989 766 2042 τὸν
798 1987 1062 2059 Ἐρεχθέα
1108 1989 1465 2058 μιμούμενον.
1513 1997 1622 2042 νῦν
1662 1987 1750 2057 δέ,
1791 1988 1820 2042 ὃ
1847 2011 1890 2043 20

246 2140 272 2178 3
306 2135 364 2180 cf.
388 2137 420 2179 t.
447 2135 686 2190 111311,1;
720 2139 909 2190 465,15;
942 2139 1103 2190 478,5;
1135 2135 1200 2179 IV
1218 2139 1355 2190 144,4
1478 2139 1503 2179 6
1536 2134 1656 2178 Plat.
1683 2133 1820 2190 Gorg.

128 2210 174 2250 p.
199 2198 283 2237 481
304 2194 343 2237 D
467 2199 492 2237 9
524 2194 644 2239 Plat.
678 2208 805 2238 conv.
839 2210 884 2251 p.
914 2195 1054 2238 186A
1178 2199 1232 2238 10
1266 2209 1334 2251 sq.
1362 2194 1492 2239 Dem.
1526 2207 1617 2238 cor.
1650 2209 1696 2251 p.
1722 2198 1822 2247 247,

129 2258 154 2297 9
173 2268 239 2308 sq.
365 2257 418 2297 16
450 2253 580 2297 Dem.
605 2254 634 2297 1.
661 2254 691 2297 l.
816 2258 870 2298 19
903 2253 961 2298 cf.
987 2254 1048 2298 ad.
1071 2270 1115 2311 p.
1136 2258 1236 2308 288,
1255 2258 1280 2297 3
1403 2258 1460 2297 20
1492 2253 1550 2297 cf.
1582 2268 1628 2310 p.
1655 2257 1725 2307 94,
1746 2257 1822 2306 1ος

128 2313 162 2357 t.
186 2313 248 2356 111
280 2318 380 2366 442,
399 2317 446 2366 63
478 2315 512 2357 t.
538 2313 599 2356 IV
627 2317 727 2368 468,
747 2318 802 2356 14
820 2328 887 2370 sq.
906 2313 958 2357 R.
993 2313 1162 2372 [Dem.]
1190 2313 1300 2370 epifi.
1328 2318 1353 2368 ξ
1378 2318 1433 2357 27
1458 2328 1503 2370 p.
1532 2317 1660 2366 1397,
1681 2317 1736 2357 16
1755 2326 1820 2367 sq.

129 2371 387 2430 [Apollod]
412 2372 526 2416 bibl.
552 2372 616 2416 III
641 2377 711 2427 15,
727 2378 755 2416 4

251 2510 276 2548 3
307 2508 534 2562 puncfium
563 2507 673 2562 post
704 2503 905 2564 εὐχόμην
943 2506 1102 2562 posui,
1135 2520 1316 2550 comma.
1346 2505 1456 2549 libri
1489 2505 1580 2549 edd
1608 2508 1613 2562 Ι
1642 2519 1824 2549 comma.

131 2566 237 2622 post
258 2564 388 2610 ”Ήλιε
419 2565 576 2622 posui,
609 2565 742 2609 colon
774 2564 883 2608 libri
916 2564 1006 2608 edd
1151 2570 1177 2610 5
1218 2565 1390 2616 αὑτοὺς
1423 2565 1609 2621 reposui
1635 2578 1661 2608 e
1690 2564 1823 2607 libris

133 2638 235 2667 cum
267 2624 479 2668 Iacobsio
510 2624 607 2668 Rev
640 2628 666 2667 3
736 2624 907 2676 αὐτοὺς
938 2624 1029 2667 edd
1079 2625 1085 2679 Ι
1134 2631 1231 2674 τοῖς
1261 2624 1437 2668 inserui
1470 2638 1575 2667 cum
1607 2623 1765 2667 Gasda

131 2697 208 2727 om
237 2682 348 2726 libri
379 2684 471 2727 edd
602 2687 628 2726 8
660 2690 743 2727 τοῦ
775 2683 942 2738 scripsi
974 2697 1081 2727 cum
1113 2682 1271 2727 Gasda
1331 2699 1379 2727 τε
1405 2684 1499 2728 Ath
1559 2696 1634 2726 om
1659 2684 1705 2727 P
1732 2682 1823 2726 edd

253 2746 308 2786 10
348 2743 432 2787 οὐκ
471 2739 750 2799 ἐκκέκομμαι
788 2742 954 2799 scripsi
994 2756 1097 2785 cum
1131 2741 1288 2787 Gasda
1320 2745 1367 2786 et
1398 2742 1571 2786 Cobeto
1605 2741 1705 2784 Coll
1737 2745 1822 2784 286

134 2800 225 2844 coll
256 2801 385 2845 Dein.
414 2802 444 2845 1.
470 2802 500 2845 l.
563 2802 619 2845 οὐ
650 2798 877 2858 κέκομμαι
907 2801 1019 2845 libri
1042 2802 1134 2845 edd
1256 2806 1311 2846 12
1342 2802 1394 2845 τὸ
1426 2799 1602 2844 inserui
1635 2802 1823 2844 aucssorc

134 2858 292 2903 Gasda
323 2860 414 2905 coll
437 2861 567 2905 Dem.
592 2859 622 2903 l.
648 2859 678 2903 l.
757 2874 832 2904 om
869 2859 980 2903 libri
1012 2861 1102 2904 edd
1248 2865 1302 2904 17
1346 2861 1627 2904 ἀπολεῖσθαι
1659 2858 1825 2915 scripsi

192 2918 453 2964 ἀπολέσθαι
475 2919 585 2963 libri
608 2919 700 2963 edd
762 2917 821 2962 ἂν
844 2919 1107 2963 ἀπολέσθαι
1139 2919 1244 2963 coni
1268 2919 1426 2964 Gasda
1548 2922 1602 2961 18
1633 2917 1693 2974 μὴ
1718 2919 1826 2974 post

135 2978 177 3021 εἰ
200 2979 295 3022 Ath
416 2982 469 3021 19
503 2976 649 3023 εἴδετέ
679 2978 843 3034 scripsi
905 2977 1034 3034 ἴδητέ
1063 2978 1174 3022 libri
1205 2979 1296 3022 edd
1357 2977 1502 3021 ἴδοιτε
1534 2976 1692 3020 Gasda

224 3059 420 3092 Ismarus
444 3061 502 3092 ed.
520 3061 753 3092 Fosi-ster.
777 3061 843 3092 VI.
1415 3055 1468 3093 18
