2010 3168
576 82 1041 128 ATHENIENSIUM
1072 82 1371 128 DEFENSIO
1754 85 1823 138 67

131 229 316 275 πᾶσαν
355 219 533 289 ἐφάνη
573 239 654 283 τις
691 221 830 289 πρὸς
867 218 1071 282 αὐτοὺς
1109 218 1491 288 ἐνδειξάμενος
1529 222 1755 289 βλάβην.
1796 221 1827 273 ὃ

134 308 182 362 δ’
229 305 333 362 οὖν
372 309 561 371 αὐτοῖς
598 309 833 379 πάτριον
868 306 958 361 καὶ
990 310 1089 361 τὸν
1121 309 1335 362 ἅπαντα
1366 311 1570 378 χρόνον
1602 311 1825 372 οἰκεῖον,

132 398 482 466 εὐεργετοῦσι
522 397 625 467 μὲν
655 402 1074 467 προθυμεῖσθαι
1105 398 1167 450 τὸ
1201 398 1421 450 δίκαιον
1450 397 1825 466 ὑπερβαίνειν,

130 487 422 551 κολάζουσι
462 484 540 554 δέ,
580 485 815 555 ὁπηνίκα
853 487 1057 540 τούτου
1094 489 1299 555 καιρός,
1338 487 1411 554 μὴ
1448 486 1825 554 ἀκριβολογεῖ-

132 580 285 644 σθαι,
325 575 463 628 ἀλλὰ
502 575 591 627 καὶ
630 583 731 628 τοῦ
770 576 996 643 μετρίου
1036 576 1308 644 ὑφίεσθαι
1342 577 1434 629 διὰ
1473 579 1824 645 χρηστότητα.
1873 598 1892 630 5

131 662 282 733 ὥστ’,
322 665 371 717 εἰ
409 663 499 716 καὶ
540 664 914 726 Ποτιδαιάτας
952 660 1400 733 ἑπολιορκοῦμεν,
1438 668 1667 734 μετρίαν
1706 681 1824 719 σκο·

130 759 364 815 ποῦντες
403 752 804 823 εἰσπράξασθαι
838 754 999 822 δίκην
1029 751 1179 806 τοῦτ’
1217 753 1528 822 ἐποιοῦμεν,
1569 753 1686 807 ἀλλ’
1726 755 1825 824 οὐχ

131 842 279 904 ὅπως
317 844 396 905 εἰς
434 841 682 910 ἀνάγκην
721 850 820 895 τοῦ
860 851 1083 912 νεκρῶν
1111 843 1384 895 ἅπτεσθαι
1437 844 1828 911 συνελάσωμεν

130 929 221 983 καὶ
259 933 536 999 πείσωμεν
575 930 699 983 ἀντὶ
738 934 1032 1000 πολεμίων,
1074 935 1132 983 τί
1166 931 1306 999 λέγω
1353 935 1656 1000 πολεμι’ων;
1704 931 1826 985 ἀντὶ

129 1020 348 1089 θηρίων
398 1020 654 1088 ἀλλήλοις
707 1019 984 1087 γενέσθαι.
1046 1020 1132 1072 27.
1181 1025 1400 1089 εἴχομεν
1453 1020 1524 1074 ἂν
1578 1020 1826 1090 ἀσεβείας
1853 1043 1894 1074 10

130 1109 312 1161 αἰτίαν
366 1110 545 1178 ἡμεῖς,
604 1110 652 1162 εἰ
709 1116 873 1162 τοῦτο
929 1110 1301 1178 διενοούμεθα
1354 1108 1445 1162 καὶ
1502 1112 1704 1172 σκοπὸς
1758 1106 1828 1178 ἦν

129 1199 491 1267 περιστάντας
530 1199 632 1266 τὴν
669 1201 835 1251 πόλιν
873 1197 964 1251 καὶ
1012 1200 1392 1266 συλλαβόντας
1437 1199 1641 1262 αὐτοὺς
1688 1203 1827 1271 λιμῷ

128 1285 220 1339 καὶ
260 1287 468 1358 σιδήρῳ
508 1285 600 1340 καὶ
638 1288 839 1350 πάσαις
878 1286 1142 1355 ἀνάγκαις
1180 1286 1355 1340 ὠθεῖν
1392 1288 1533 1356 πρὸς
1572 1289 1829 1350 τοιαύτας

129 1377 358 1444 τροφάς·
400 1376 540 1429 ὅπου
582 1372 629 1429 δ’
678 1377 860 1429 ἄνετοι
901 1375 1102 1429 ἐκεῖνοι
1143 1374 1297 1438 ἐντὸς
1333 1379 1634 1445 περιβόλου
1675 1391 1826 1445 στρε-

131 1469 363 1536 φόμενοι
421 1463 481 1518 ἐκ
534 1475 648 1518 τῶν
701 1466 932 1534 πύργων
985 1466 1210 1518 ἄνωθεν
1263 1464 1699 1528 ἀντεπισείοντες
1752 1473 1824 1537 τῷ
1852 1487 1894 1520 15

130 1553 480 1626 στρατοπέδω
505 1555 570 1607 τὰ
604 1554 764 1622 ὅπλα,
787 1554 951 1623 ἡνίκα
983 1555 1049 1608 οὐ
1082 1553 1343 1623 πολέμιος
1373 1551 1444 1623 ἦν
1474 1558 1826 1621 κατεπείγων.

131 1644 197 1697 οὐ
238 1643 396 1712 ξίφος
436 1643 947 1712 ἐπανατεινόμενον,
986 1643 1052 1696 οὐ
1093 1644 1326 1712 σιδήρου
1366 1645 1564 1712 πληγή,
1609 1644 1675 1696 οὐ
1715 1652 1827 1711 πῦρ

130 1742 309 1801 καῖον,
349 1732 414 1785 οὐ
448 1733 663 1801 βρόχος,
704 1733 807 1785 οὐκ
839 1734 975 1801 ἄλλη
1007 1752 1089 1794 τις
1128 1732 1389 1800 βάσανος,
1427 1731 1586 1801 ἡμῶν
1625 1733 1829 1794 αὐτοὺς

130 1822 267 1891 πρὸς
306 1822 445 1889 ἡμᾶς
483 1819 575 1874 καὶ
622 1819 702 1874 ἔτι
750 1820 1267 1889 μετακαλουμένων,
1308 1822 1694 1890 ἱκετευόντων,
1734 1824 1824 1888 βο-

131 1912 344 1963 ώντων·
406 1910 661 1977 σύνετε,
723 1911 959 1978 ἄνδρες
1022 1910 1486 1977 Ποτιδαιᾶται,
1557 1913 1825 1978 γίνεσθε
1852 1931 1896 1964 ιο

128 1999 309 2068 ὑμῶν
364 1998 599 2066 αὐτῶν,
655 2001 981 2067 φείσασθε
1035 2007 1371 2066 γυναικῶν
1423 2008 1550 2051 τῶν
1604 1998 1825 2067 ὑμετέ-

131 2108 286 2155 ρων,
348 2089 676 2156 φείσασθε
737 2087 1010 2139 παίδων·
1073 2089 1136 2138 τί
1201 2086 1387 2153 ὑμεῖς
1449 2087 1829 2155 αὐτόχειρες

132 2175 378 2229 ἑαυτῶν
434 2175 820 2242 ἐπιθυμεῖτε
875 2175 1217 2243 γενέσθαι;
1279 2173 1462 2228 ἔστιν
1518 2174 1612 2244 ἐφ’
1671 2176 1828 2244 ὑμῖν

129 2264 857 2334 μεταβουλευσαμένοις
905 2269 1227 2334 σωθῆναι,
1282 2261 1420 2317 ἔστι
1474 2263 1580 2317 καὶ
1636 2268 1824 2331 σκλη-

132 2359 442 2420 ρυνθεῖσι
496 2352 793 2416 καθάπαξ
849 2352 1283 2420 ἀπολωλέναι,
1346 2354 1393 2405 εἰ
1447 2351 1611 2406 ταῦθ’
1672 2353 1827 2421 ἡμῶν
1851 2375 1893 2407 25

130 2445 539 2511 προτεινόντων
577 2439 796 2511 ἔχοντες
833 2439 1036 2494 ἐκεῖνοι
1075 2442 1273 2510 καιρὸν
1317 2449 1418 2494 τοῦ
1465 2442 1722 2509 πράττειν
1762 2443 1826 2494 τὰ

133 2529 330 2584 δέοντα
385 2531 529 2598 ὅμως
584 2530 1012 2599 ἐσκληρύνοντο,
1072 2530 1172 2592 ἕως
1226 2529 1458 2593 ἑαυτοὺς
1519 2529 1827 2588 ἀπώλεσαν,

253 2695 307 2734 10
340 2691 396 2735 cf.
428 2706 473 2753 p.
503 2695 615 2744 17,6
741 2695 794 2734 17
827 2689 960 2734 Pind.
996 2690 1064 2735 Ol.
1092 2690 1133 2734 X
1158 2690 1332 2747 (X1)37

251 2844 276 2881 2
309 2840 547 2893 πατρώιον
576 2839 613 2877 Γ
757 2842 812 2881 10
849 2837 932 2894 μὲν
964 2840 1071 2894 post
1103 2838 1285 2896 εἴχομεν
1318 2838 1443 2881 inser
1475 2838 1613 2882 Schm
1676 2837 1825 2880 delevi

254 2902 308 2939 14
340 2898 542 2953 τροφούς
576 2898 618 2939 V
734 2901 790 2939 20
823 2897 989 2953 σύνητε
1023 2897 1067 2941 V
1182 2902 1236 2940 ‘25
1270 2897 1398 2953 ὑμῶν
1432 2897 1477 2941 V

1407 2970 1466 3014 5*
