2010 3168
901 757 1068 810 XXX.

242 882 554 930 Declamatio
585 882 828 943 inscripta
865 880 1174 945 Φθονερὸς
1205 887 1308 930 τοῦ
1338 880 1604 946 γείτονος
1635 879 1819 931 αὐτοῦ

127 954 575 1019 πλουτήσαντος
615 953 905 1024 ἐξαίφνης
944 952 1158 1003 ἑαυτὸν
1190 948 1684 1020 προσαγγέλλειῙ),
1718 971 1818 1017 qua

126 1045 318 1093 pauper
346 1030 614 1092 impatiens
653 1030 966 1078 fortunarum
1004 1029 1167 1078 vicino
1207 1044 1296 1078 suo
1334 1033 1535 1091 repente
1573 1029 1819 1077 factarum

128 1106 342 1153 cicutam
353 1097 395 1165 2”)
429 1119 459 1151 a
499 1106 674 1151 senatu
714 1103 809 1151 sibi
846 1095 1044 1170 petit⁸)‚
1074 1104 1205 1151 inter
1243 1118 1325 1151 eas
1365 1105 1439 1151 est
1473 1119 1598 1166 quae
1638 1104 1701 1152 ab
1734 1103 1819 1152 ad·

127 1177 450 1226 miratoribus
482 1177 744 1226 facundiae
769 1177 1076 1226 Libanianae
1107 1178 1348 1242 singulari
1379 1178 1557 1240 plausu
1589 1181 1819 1239 acceptae

126 1254 255 1301 sunt.
286 1251 465 1314 Itaque
489 1267 588 1300 non
613 1246 870 1313 ‘corporis'
895 1251 1076 1300 finibus
1101 1254 1312 1300 coercita
1336 1253 1534 1312 mansit,
1559 1252 1643 1300 sed
1668 1253 1820 1300 etiam

126 1327 178 1374 in
218 1326 494 1388 complures
535 1326 729 1389 eclogas
770 1341 948 1387 easque
987 1327 1160 1388 paucis
1204 1325 1649 1374 declamationibus
1688 1341 1818 1374 com·

125 1400 390 1463 prehensas
437 1399 652 1448 transiit.
729 1399 943 1463 Magnus
988 1400 1148 1463 igitur
1193 1403 1269 1447 est
1314 1415 1545 1447 numerus
1592 1400 1819 1448 codicum

127 1474 305 1537 quibus
337 1474 401 1521 ad
430 1474 559 1521 hanc
592 1476 808 1522 aetatem
840 1475 1078 1536 pervenit.
1143 1473 1270 1522 Sunt
1293 1476 1460 1522 autem
1490 1474 1544 1521 hi
1577 1475 1668 1522 33:

235 1548 428 1610 Incipio
461 1563 491 1595 a
524 1544 916 1610 ‘corporalibus'.

240 1625 284 1670 1.
324 1621 922 1684 Hierosolymitanus
956 1621 1001 1669 S.
1038 1620 1244 1669 Crucis
1279 1622 1346 1669 57
1388 1615 1482 1687 (=
1510 1615 1598 1688 Cr)
1638 1621 1817 1684 palim-

126 1699 319 1758 psestus
351 1696 536 1744 saeculi
566 1691 756 1760 XIJXII
788 1695 1008 1743 continet
1038 1695 1158 1744 folio
1193 1697 1270 1743 6Ἤρ
1300 1695 1503 1744 titulum
1536 1698 1586 1743 et
1617 1696 1818 1744 initium

125 1770 499 1818 declamationis
528 1786 683 1832 usque
717 1769 779 1818 ad
810 1786 855 1831 p.
885 1771 1006 1831 620,
1026 1771 1055 1816 2
1090 1768 1253 1818 αὐτῶν
1286 1773 1335 1818 et
1366 1770 1486 1818 folio
1523 1772 1636 1818 llvr
1665 1770 1819 1819 verba

126 1860 252 1906 quae
290 1845 371 1892 his
408 1843 676 1892 succedunt
714 1860 760 1905 p.
796 1844 975 1905 620,2
1017 1847 1187 1902 κακοῖς
1224 1859 1380 1906 usque
1422 1844 1484 1892 ad
1522 1860 1568 1906 p.
1598 1845 1817 1904 624,10

127 1917 412 1983 πόρρωθεν,
451 1918 536 1966 sed
573 1918 847 1965 multarum
884 1918 1130 1966 linearum
1169 1920 1416 1980 scriptura
1445 1934 1645 1979 prorsus
1679 1919 1759 1967 vel
1791 1934 1817 1966 e

124 1995 267 2054 parte
298 1991 477 2040 abrasa
510 1994 596 2040 est.
659 1991 864 2040 Excussi
897 1995 947 2039 et
978 2008 1105 2053 quae
1136 1992 1238 2056 legi
1269 1995 1537 2054 potuerunt
1565 1991 1815 2040 adnotavi.

125 2065 252 2114 Vide
282 2068 317 2113 t.
343 2065 388 2111 V
419 2083 466 2127 p.
497 2067 599 2114 154
618 2081 688 2127 sq.

240 2142 285 2188 2.
316 2139 913 2201 Hierosolymitanus
946 2139 993 2187 S.
1029 2139 1304 2202 Sepulcri
1340 2142 1442 2188 107
1474 2133 1568 2206 (--
1593 2133 1666 2206 H)
1692 2154 1816 2190 saec.

125 2213 241 2261 XIV
274 2214 357 2261 fol.
386 2214 493 2262 84v.
557 2213 683 2261 Vide
713 2215 749 2260 t.
776 2213 819 2258 V
851 2229 897 2274 p.
927 2215 1032 2262 150
1046 2229 1114 2275 sq.
1179 2213 1392 2263 Contuli.

240 2289 285 2334 3.
317 2287 651 2335 Vaticanus
682 2304 753 2350 gr.
790 2289 896 2335 940
930 2282 1023 2353 (π
1049 2281 1119 2354 V)
1151 2303 1275 2336 saec.
1300 2283 1564 2352 XHIJXIV
1596 2288 1679 2335 fol.
1710 2289 1816 2335 70¹2

125 2360 250 2409 Vide
288 2364 325 2409 t.
358 2361 403 2407 V
449 2378 494 2423 p.
525 2362 628 2408 152
647 2376 717 2423 sq.
796 2361 927 2409 Raro
975 2365 1223 2410 correctus
1270 2365 1344 2410 est
1389 2378 1539 2410 manu
1587 2361 1815 2410 secunda.

127 2433 344 2483 Contuli.

238 2511 285 2556 4.
319 2509 692 2557 Monacensis
741 2525 811 2571 gr.
848 2511 913 2556 96
964 2525 1088 2558 saec.
1121 2509 1239 2556 XVI
1284 2510 1369 2557 fol.
1406 2510 1474 2557 90
1514 2526 1540 2557 e
1576 2508 1816 2556 Vaticano

242 2660 290 2716 Ι1)
322 2662 391 2706 De
422 2662 572 2707 altera
603 2663 908 2719 inscriptione
939 2664 1047 2708 vide
1079 2679 1124 2721 p.
1152 2669 1250 2707 614.

245 2724 289 2777 2)
314 2720 383 2765 Cf.
414 2736 460 2777 p.
485 2726 573 2766 494
605 2725 699 2766 not.
730 2729 769 2766 1.

244 2782 289 2836 3)
320 2780 388 2824 De
411 2780 619 2830 fontibus
643 2782 908 2839 argumenti
933 2782 1349 2837 conaminibusque
1372 2782 1455 2826 Th.
1482 2781 1647 2824 Kockii
1672 2781 1813 2837 (Com.

125 2839 222 2883 Att.
254 2838 307 2882 fr.
333 2839 397 2882 111
422 2843 508 2882 670
525 2842 611 2897 sq.)
648 2841 789 2884 verba
830 2841 1015 2884 Libanii
1059 2841 1118 2884 ad
1164 2854 1323 2885 versus
1370 2840 1506 2884 unius
1547 2840 1817 2884 comoediae

125 2898 312 2942 Atticae
349 2899 596 2942 revocandi
636 2899 761 2944 idem
794 2900 923 2943 valet
953 2901 1077 2955 quod
1110 2901 1168 2944 de
1200 2898 1437 2944 δυσκόλων
1469 2901 1517 2942 et
1548 2898 1818 2954 παρασίτων

127 2957 548 3001 declamationibus
580 2972 722 3014 supra
752 2974 797 3015 p.
823 2962 924 3013 494,
957 2963 1056 3012 546,
1090 2963 1189 3014 565,
1224 2963 1309 3002 589
1343 2958 1451 3001 dixi.

1375 3032 1460 3075 39*
