2010 3168
594 110 1020 157 DEMOSTHENIS
1052 111 1358 158 APOLOGIA
1714 113 1823 166 413

131 251 532 318 βουλευτήριον
569 246 800 318 ἔρχεται,
841 249 1041 312 ἄτονος
1078 247 1170 302 καὶ
1210 249 1402 318 ἀτελὴς
1439 250 1601 312 αὐτός
1638 269 1696 303 τε
1732 249 1823 304 καὶ

130 340 196 392 τὰ
241 338 610 407 πολιτεύματα
665 338 852 391 αὐτοῦ.
914 337 1000 391 59.
1042 339 1226 392 ἔπειτα
1271 340 1554 407 πεπόνηκα
1599 337 1690 392 καὶ
1736 359 1823 408 γε-

131 430 356 497 γήρακα.
394 428 683 489 νεανίσκος
719 423 822 494 μὲν
860 427 964 495 γὰρ
1005 424 1086 480 ὢν
1125 429 1391 496 εἰσῆλθον
1430 428 1507 490 εἰς
1538 428 1640 496 τὴν
1669 432 1822 481 πολι-

129 519 307 584 τείαν,
352 517 591 584 βεβίωκα
631 512 691 568 δὲ
731 513 818 568 ἐπὶ
857 523 957 569 τοῦ
1003 517 1243 584 βήματος
1281 515 1439 585 μέχρι
1478 523 1572 585 τῆς
1611 516 1823 585 ἡλικίας

128 605 200 674 ἣν
223 605 399 675 ὁρᾶτε.
431 607 546 658 ἔστι
579 601 641 657 δὲ
666 605 766 673 οὐχ
799 604 828 658 ὁ
862 605 1026 667 αὐτὸς
1056 612 1190 667 νοῦς
1222 603 1254 673 ἢ
1287 607 1487 676 τρόπος
1517 615 1629 658 τῶν
1654 604 1820 675 ἐρρω-
1868 627 1887 659 5

128 693 312 762 μένων
341 692 432 747 καὶ
467 691 474 765 Ι
508 693 691 762 <τῶν>
722 695 1127 765 γεγηρακότων,
1168 692 1280 747 ἀλλ’
1331 693 1644 765 ἄμβλύτερα
1689 699 1910 745 RIV309

128 781 230 852 μὲν
267 783 482 837 τούτων
520 783 587 835 τὰ
625 785 974 853 φρονήματα,
1021 782 1417 852 ἀνανδρότεροι
1458 780 1519 836 δὲ
1560 785 1618 837 οἱ
1654 785 1822 852 λόγοι.

128 877 306 936 καλῶς
344 867 448 925 οὖν
493 869 604 941 ἔχει
652 892 744 942 μοι
794 872 1099 942 ἀφηβηκότι
1148 871 1239 925 καὶ
1287 872 1683 945 μεμαρασμένῳ
1722 874 1823 941 τὴν

128 961 363 1031 ἡσυχίαν
402 962 559 1029 ἄγειν
597 960 689 1014 καὶ
728 971 844 1024 τοῖς
883 960 1171 1032 νεωτέροις
1208 962 1299 1015 καὶ
1338 965 1548 1028 μᾶλλον
1588 960 1821 1031 ἐρρωμέ-

128 1071 250 1114 νοις
293 1052 359 1104 τὰ
405 1058 500 1119 τῆς
545 1052 823 1113 πολιτείας
870 1051 1012 1104 ὅπλα
1057 1051 1438 1122 παραδιδόναι.
1486 1055 1697 1118 μᾶλλον
1743 1051 1821 1120 δέ,
1847 1073 1888 1104 ιο

129 1143 180 1194 εί
217 1141 301 1194 δεῖ
338 1141 513 1210 μηδὲν
556 1140 1025 1210 ὑποστειλάμενον
1072 1142 1272 1209 εἰπεῖν,
1319 1139 1562 1209 τέθνηκα
1606 1147 1680 1214 τῷ
1723 1150 1822 1210 ψη-

129 1232 378 1299 φίσματι,
418 1229 603 1299 ἀφῆκα
640 1230 742 1298 τὴν
786 1230 1075 1299 πολιτικὴν
1120 1232 1328 1299 ψυχήν,
1376 1229 1580 1299 οἴχεται
1619 1230 1651 1298 ἡ
1693 1230 1821 1294 δόξα

127 1339 254 1387 μου,
292 1328 466 1372 κεῖται
503 1319 565 1372 τὸ
604 1319 864 1388 φρόνημά
909 1339 1033 1388 μου.
1096 1319 1182 1371 60.
1223 1318 1361 1386 λέγω
1411 1316 1470 1372 δὲ
1508 1318 1822 1389 παράδοξον

129 1406 313 1476 οὐδέν,
353 1404 470 1460 ἀλλ’
516 1408 699 1477 ὥσπερ
741 1408 809 1476 δὴ
857 1410 1096 1471 πολλοὺς
1140 1417 1253 1461 τῶν
1301 1406 1822 1478 ἐμβεβροντημένων

129 1496 299 1550 εἴδετε
339 1499 772 1566 σεσιωπηκότας,
820 1499 880 1550 οἳ
920 1495 1011 1550 καὶ
1057 1504 1123 1567 τῇ
1161 1499 1445 1567 προσβολῇ
1491 1505 1591 1550 τοῦ
1630 1498 1820 1566 ψόφου
1847 1518 1888 1550 15

127 1584 218 1639 καὶ
280 1593 355 1660 τῷ
411 1586 635 1654 μεγέθει
696 1593 796 1640 τοῦ
859 1587 1044 1655 φόβου
1109 1585 1545 1654 καταπλαγέντες
1604 1588 1820 1655 ἄφωνοι

126 1674 464 1745 κατέστησαν
503 1674 642 1739 ἅπαξ,
683 1683 782 1729 τοῦ
822 1676 1132 1745 πνεύματος
1182 1674 1512 1738 ἐκπεσόντος
1549 1675 1582 1744 ἢ
1621 1675 1820 1744 παγέν-

126 1785 220 1828 τος
266 1765 299 1835 ἢ
352 1766 381 1819 ὅ
419 1784 472 1818 τι
511 1763 603 1818 καὶ
642 1765 703 1818 τὸ
744 1766 1054 1834 συμβαῖνόν
1109 1762 1277 1833 ἐστιν,
1318 1764 1461 1817 οὕτω
1515 1763 1605 1817 καὶ
1657 1764 1820 1827 αὐτὸς

129 1851 514 1923 ἐκπέπληγμαι.
554 1854 615 1907 τὸ
657 1854 792 1907 αὐτὸ
831 1853 1102 1908 πέπονθα.
1142 1855 1365 1923 ἄφωνος
1405 1852 1671 1922 ἐγενόμην
1711 1853 1819 1906 ὑπὸ

248 2019 271 2058 1
304 2014 424 2059 Plat.
456 2014 652 2058 Phaedr.
678 2014 707 2060 l.
733 2014 764 2059 l.
886 2019 912 2059 8
945 2014 1071 2059 Suid.
1098 2029 1131 2059 s.
1156 2029 1197 2058 v.
1231 2013 1506 2073 ἁφηβηκότι.
1531 2013 1647 2058 ΡΟῙΙ.
1673 2014 1694 2057 Ι
1718 2019 1817 2057 236.

126 2074 256 2178 {1310
268 2074 636 2191 11).L51}3‹}.'ssnach.
663 2079 719 2118 25
865 2079 916 2117 11
960 2074 1016 2119 cf.
1049 2076 1083 2119 t.
1108 2074 1150 2117 II
1177 2078 1274 2129 166,
1295 2079 1372 2129 16;
1417 2074 1459 2119 V
1483 2078 1553 2129 38,
1574 2077 1642 2118 13.
1689 2073 1818 2117 Dem.

249 2287 271 2326 1
308 2279 605 2341 βουλετηρὶον
629 2283 674 2326 Ρ
741 2279 1067 2340 βουλευτηρίου
1099 2281 1201 2325 Mor
1233 2286 1344 2336 „aut
1375 2278 1619 2338 ἐκκλησίαν
1651 2278 1678 2336 ἢ
1712 2281 1817 2338 βου·

127 2341 368 2397 λευτήριον
398 2343 478 2399 leq.
513 2347 577 2386 est
606 2347 692 2386 aut
722 2339 963 2397 ἐκκλησίας
994 2341 1074 2385 καὶ
1106 2339 1437 2398 βουλευτήρια“
1462 2340 1530 2383 Re
1651 2345 1676 2383 2
1710 2341 1818 2398 βου-

127 2401 328 2458 λεύματα
362 2402 582 2446 VaBPar
701 2406 727 2445 5
759 2397 814 2455 ἧς
838 2402 937 2445 Par
963 2404 969 2455 Ι
999 2400 1064 2445 ἔτι
1090 2400 1193 2444 Mor
1219 2401 1226 2455 Ι
1254 2400 1338 2457 οὐχ
1363 2426 1417 2432 -
1446 2404 1470 2443 7
1495 2399 1624 2456 λόγοι
1648 2399 1819 2444 omissa

126 2460 361 2517 particula
392 2461 442 2506 δὲ
476 2459 593 2504 citat
624 2459 857 2504 Macarius
890 2459 956 2503 fol
989 2465 1069 2503 g2v
1204 2463 1229 2503 6
1262 2459 1343 2502 καὶ
1372 2466 1466 2503 τῶν
1496 2457 1819 2516 γεγηρακότων

129 2534 204 2564 om
230 2521 450 2565 VaBPar
475 2521 481 2574 Ι
508 2527 600 2564 τῶν
630 2518 805 2563 inserui
868 2533 942 2563 om
973 2518 1085 2562 libri
1116 2518 1276 2562 Macar
1307 2518 1397 2562 edd
1426 2520 1432 2573 Ι
1461 2518 1575 2562 ἀλλὰ
1601 2518 1818 2561 VaBPar

129 2579 220 2623 Ma
340 2583 363 2622 ‘1
396 2578 572 2623 τούτων
605 2578 768 2634 scripsi
830 2579 984 2622 αὐτῶν
1015 2577 1124 2621 libri
1156 2578 1236 2621 sed
1269 2591 1344 2621 om
1371 2578 1459 2621 Ma
1486 2579 1514 2634 ‘l
1555 2575 1612 2619 τὰ
1645 2575 1816 2631 φρονή·

128 2654 251 2694 ματα
283 2639 437 2682 αὐτῶν
455 2639 501 2682 Ρ
529 2637 632 2681 Mor
657 2639 664 2694 Ι
691 2636 935 2692 ἁδρότεροι
959 2638 1003 2681 V
1116 2641 1142 2680 8
1176 2637 1324 2696 ἔχοιμι
1350 2637 1421 2693 V}
1448 2633 1707 2693 ἀφηβηκότι
1730 2636 1818 2679 Μα

128 2697 210 2741 sed
241 2714 273 2741 α
307 2697 357 2740 in
387 2709 462 2740 ras
496 2701 520 2739 2
545 2695 625 2740 lisst
647 2696 730 2751 ω’,
756 2697 802 2739 Ρ
829 2696 911 2740 sed
943 2713 974 2752 μ
1003 2697 1112 2752 post
1143 2713 1174 2739 α
1205 2695 1283 2739 del
1313 2694 1383 2738 m¹
1507 2700 1560 2737 10
1593 2694 1704 2750 ἔργα
1729 2695 1817 2738 Μα

249 2761 301 2800 11
335 2754 724 2812 ὑποστελλόμενον
757 2756 801 2800 V
930 2761 983 2799 12
1017 2751 1103 2799 οὖν
1135 2757 1244 2799 ante
1276 2753 1304 2810 ἡ
1339 2755 1557 2799 VaBPar
1681 2757 1732 2796 13
1766 2753 1816 2797 δὲ

126 2816 235 2871 post
263 2822 412 2859 κεῖται
437 2814 694 2859 VVaBMa
839 2819 893 2858 15
925 2813 1127 2871 πολέμου
1152 2814 1371 2858 VaBPar
1506 2816 1557 2855 17
1590 2811 1818 2868 παγέντος

130 2874 176 2916 Ρ
203 2873 283 2918 sed
316 2871 643 2930 ναρκωθέντος
679 2873 731 2916 in
760 2886 893 2930 marg
924 2873 994 2916 m⁸
1130 2877 1185 2917 18
1225 2871 1255 2917 ὅ
1281 2888 1325 2916 τι
1357 2870 1522 2927 scripsi
1600 2869 1670 2915 ὅτι
1708 2870 1817 2914 libri

129 2932 221 2976 edd
247 2935 254 2989 Ι
281 2930 427 2983 οὕτως
458 2933 544 2977 VP
660 2936 714 2976 19
745 2932 1028 2989 πέπληγμαι·
1062 2933 1171 2975 ante
1202 2931 1254 2975 τὸ
1287 2931 1402 2975 Vass
