2010 3168
142 119 423 166 PARASITI
451 119 533 165 DE
563 119 803 166 DOMINO
835 119 1339 165 PHELOSOPHANTE
1372 121 1655 175 QUERELA
1718 121 1829 175 601

137 255 407 324 ἐπαινεῖν,
446 256 626 309 πάντα
671 256 992 326 θαυμάζειν,
1036 256 1214 310 πάντα
1258 263 1334 329 τῷ
1381 260 1633 330 τροφίμῳ
1679 260 1831 329 χαρίι

139 348 352 413 ζεσθαι,
412 347 543 408 τοὺς
594 347 891 415 μαγείρους
944 346 1316 413 οἰκειοῦσθαι,
1378 355 1495 409 τοῖς
1556 348 1834 416 οἰνοχόοις

136 434 525 503 προσμειδιᾶν,
600 435 731 496 τοὺς
806 431 1111 503 τρέφοντας
1178 433 1407 502 ἡδοναῖς
1482 435 1830 504 θεραπεύειν.

142 522 225 575 16.
262 523 418 592 μόλις
450 522 659 591 ὄρθρος
689 518 776 591 ἧν,
816 520 922 591 ἐγὼ
961 522 1024 575 δὲ
1062 520 1152 575 ἐπὶ
1189 523 1290 576 τὸν
1327 513 1605 593 τρόφιμον
1644 525 1832 577 ἔσπευ-

139 611 243 664 δον
285 611 352 663 τὰ
399 611 538 680 πρὸς
589 610 801 680 ἡδονὴν
854 610 1196 679 ἀπαγγεῖλαι.
1249 610 1341 664 καὶ
1394 614 1528 679 μετὰ
1582 620 1755 665 ταῦτα
1802 612 1831 666 ὁ
1880 634 1906 667 s

137 696 239 768 μὲν
276 697 511 768 ἕπραττέ
543 719 595 752 τι
634 697 749 752 κατ’
795 699 1031 769 ἀγοράν,
1069 698 1192 767 ἐμοὶ
1232 698 1281 753 δ’
1327 702 1493 770 ἔργον
1530 697 1601 770 ἦν
1642 700 1648 774 Ι
1698 706 1819 751 RIV
1836 712 1926 751 221

137 786 261 855 περὶ
299 789 360 841 τὸ
408 789 637 858 ἄριστον
684 782 830 851 ὅπως
875 787 983 852 ἕξει
1029 791 1207 852 καλῶς
1253 788 1387 858 ἡμῖν
1432 799 1697 860 προνοεῖν
1741 789 1833 844 καὶ

138 878 239 946 τὴν
278 874 432 948 ὥραν
472 876 843 946 ἀπήγγελλον,
884 876 1235 947 ἐπιταχύνειν
1273 875 1529 946 ἔπειθον,
1572 877 1663 931 καὶ
1701 880 1836 945 μετὰ

138 972 309 1019 ταῦτα
348 965 763 1034 ἐνεπιμπλάμην
802 966 1062 1020 ἁπάντων
1101 966 1430 1036 ἁπτόμενος,
1467 967 1647 1020 πάντα
1686 968 1835 1021 ἐπαι-

140 1064 270 1123 νῶν,
308 1056 375 1108 τὰ
414 1056 643 1125 δεύτερα
688 1058 899 1122 μᾶλλον
947 1053 1032 1108 ἀεὶ
1078 1065 1191 1109 τῶν
1236 1055 1525 1126 προτέρων
1571 1055 1834 1127 ἀποδεχό-
1858 1078 1910 1111 1ο

139 1164 327 1214 μενος,
373 1144 463 1197 καὶ
509 1145 614 1213 ἤδη
664 1145 1013 1214 διατηρήσων
1058 1146 1137 1208 εἰς
1184 1143 1420 1214 ἑσπέραν
1464 1146 1532 1198 τὰ
1576 1147 1836 1214 περιόντα

141 1233 519 1302 ἐταμιευόμην.
568 1233 744 1295 ὕπνος
790 1229 862 1301 ἦν
911 1231 1002 1287 ἐπὶ
1048 1234 1268 1296 τούτοις
1319 1234 1542 1302 ἥδιστος
1592 1235 1684 1287 καὶ
1736 1239 1836 1303 τὴν

143 1321 388 1376 ἑστίασιν
427 1323 852 1392 ὠνειροπόλουν.
918 1322 1001 1375 17.
1040 1321 1132 1375 καὶ
1180 1326 1432 1390 λουτρῶν
1469 1324 1684 1393 καιρός,
1728 1321 1834 1391 ἐγὼ

142 1410 191 1464 δ’
237 1411 510 1464 ἔσπευδον
547 1408 638 1463 καὶ
678 1414 936 1480 λαμπρῶς
975 1410 1194 1464 ἐκεῖθεν
1233 1411 1557 1464 ἐπανελθὼν
1607 1409 1695 1465 ἐπὶ.
1734 1413 1837 1480 τὴν

141 1502 415 1570 μακαρίαν
454 1497 714 1570 ἐπανῄειν
751 1499 1024 1570 τράπεζαν
1067 1500 1246 1553 πάντα
1285 1500 1612 1569 θαυμάζων,
1657 1500 1836 1553 πάντα
1861 1522 1912 1556 1⁶

145 1589 410 1656 ἐπαινῶν,
464 1588 768 1657 ἀνιώμενος
815 1588 898 1642 ὅτι
944 1590 1017 1657 μὴ
1067 1589 1270 1658 διπλῆν
1315 1608 1408 1656 μοι
1454 1587 1547 1641 καὶ
1601 1593 1838 1659 τριπλῆν

142 1679 243 1746 τὴν
289 1675 526 1746 γαστέρα
570 1679 718 1746 ἔχειν
763 1675 908 1746 ἐξῆν,
961 1674 1032 1746 ἦν
1079 1679 1183 1748 γὰρ
1231 1678 1411 1731 πάντα
1450 1679 1697 1747 ἄφθονα,
1746 1677 1838 1731 καὶ

265 1844 287 1882 1
321 1837 486 1895 Eupol.
519 1840 628 1882 Koa..
653 1838 696 1881 Π
718 1838 991 1894 484‚146M
1022 1839 1060 1895 (Ι
1083 1842 1183 1893 301,
1204 1843 1287 1882 159
1305 1838 1362 1892 Κ)

266 1994 288 2031 1
321 1983 609 2044 χαρίσασθαι
636 1988 724 2031 Μα
846 1991 871 2030 2
911 2003 1020 2038 τους
1049 1984 1298 2061 μαγείρους
1322 2013 1377 2019 -
1404 1991 1429 2029 3
1461 1989 1746 2042 θεραπεύειν
1778 1985 1845 2030 ab

145 2047 233 2091 hoc
263 2045 366 2090 loco
406 2046 560 2090 aliena
600 2047 759 2090 censet
783 2045 938 2090 Gasda
1117 2044 1247 2102 μόλις
1278 2046 1442 2102 scripsi
1503 2044 1646 2102 μόνος
1676 2045 1845 2118 (μόνον

148 2107 198 2162 Ο)
229 2105 341 2149 libri
372 2104 463 2148 edd
522 2105 807 2160 θεραπεύειν
838 2103 998 2162 μόνον.
1032 2104 1208 2161 ὄρθρος
1233 2105 1396 2149 Iacobs
1419 2105 1526 2148 Add
1554 2109 1636 2149 131
1663 2102 1842 2162 (μόνος)

148 2166 195 2208 et
225 2166 331 2222 App
362 2164 476 2209 Pors
506 2164 609 2207 Adv
641 2169 725 2208 297
848 2170 875 2207 4
907 2162 954 2208 δ’
990 2165 1106 2208 VLa
1234 2169 1259 2207 5
1292 2165 1567 2221 ἀπαγγεῖλαι
1595 2165 1671 2209 La
1702 2163 1781 2208 sed
1807 2165 1843 2208 ἀ

147 2238 203 2269 ex
226 2225 249 2269 ἐ
273 2237 374 2268 corr
395 2237 419 2268 s
538 2227 563 2266 6
597 2224 649 2268 δὲ
667 2225 757 2268 Μα
879 2228 904 2267 ’1
927 2224 1034 2279 περὶ
1058 2223 1224 2280 scripsi
1285 2224 1360 2269 ἐπὶ
1383 2223 1492 2267 libri
1518 2223 1608 2267 edd
1634 2223 1715 2267 ssd
1736 2223 1839 2280 ,ἐπὶ

147 2289 231 2328 aut
250 2296 438 2339 prorsus
462 2283 700 2327 delendum
729 2289 814 2328 aut
835 2296 938 2328 cum
963 2282 1012 2328 ἓν
1044 2289 1110 2328 est
1130 2285 1428 2328 mutandum“
1457 2283 1525 2326 Re
1589 2282 1653 2326 ἔτι
1676 2281 1845 2326 Iacobs

147 2343 259 2386 Lect
276 2346 331 2385 99
360 2344 366 2398 Ι
395 2339 489 2395 ἕξοι
499 2343 589 2386 Μα
694 2346 720 2386 8
738 2341 1024 2400 ἀπήγγελλον
1041 2342 1206 2399 scripsi
1222 2355 1278 2387 ex
1287 2342 1518 2387 HVOMa
1578 2340 1846 2399 ἀπήγγελον

150 2402 239 2446 Ma
255 2401 346 2445 edd
468 2405 493 2443 9
524 2401 871 2458 ἐνεπιμπλάμην
898 2403 986 2446 Ma
1010 2402 1093 2446 sed
1115 2404 1172 2445 λα
1197 2415 1222 2446 e
1247 2419 1306 2457 ρα
1331 2415 1432 2445 corr
1454 2400 1525 2444 m²
1646 2405 1700 2444 10
1725 2417 1840 2456 προ-

146 2459 291 2516 τέρων
308 2459 473 2515 scripsi
532 2461 727 2515 πρώτων
752 2460 861 2505 libri
877 2461 970 2504 edd
1092 2466 1144 2504 11
1170 2461 1324 2505 καὶ-
1344 2465 1397 2504 12
1416 2458 1722 2516 ἐταμιευόμην
1739 2473 1842 2504 cor-

147 2522 288 2576 rupta.
319 2521 478 2563 censet
510 2518 667 2563 Gasda
716 2522 722 2577 Ι
772 2519 1065 2577 διατηρήσων
1088 2520 1256 2565 LaMa
1288 2520 1367 2564 sed
1400 2536 1435 2563 ω
1466 2519 1514 2562 in
1548 2534 1589 2563 ει
1623 2532 1725 2562 corr
1746 2519 1847 2564 Ιια*

150 2578 262 2623 Ma'
289 2581 295 2635 Ι
322 2577 544 2633 περιόντα
574 2579 742 2636 scripsi
774 2593 877 2623 cum
911 2578 1092 2623 Sinteni
1152 2579 1379 2634 προιόντα
1409 2578 1520 2622 libri
1555 2578 1636 2622 sed
1666 2592 1759 2634 προ
1790 2578 1842 2621 in

613 2653 720 2693 περι

148 2713 234 2752 περ
259 2710 361 2740 corr
383 2697 483 2740 Lar·
494 2731 505 2752 ‚
537 2695 587 2739 in
610 2711 730 2752 προσ
756 2696 882 2752 Ma’,
907 2697 998 2740 edd
1122 2701 1176 2740 14
1208 2695 1261 2741 δὲ
1286 2697 1374 2741 Ma
1402 2698 1408 2752 Ι
1436 2698 1652 2752 λαμπρῶς
1675 2695 1840 2752 scripsi

150 2770 206 2800 ex
230 2754 371 2801 HVG
442 2755 649 2811 λαμπρὸς
671 2757 840 2800 LaMa
879 2756 970 2800 edd
1115 2761 1169 2799 15
1210 2754 1432 2813 ἐπανῄειν
1472 2754 1637 2811 scripsi
1668 2769 1693 2798 e
1728 2755 1843 2800 VLa

152 2815 242 2858 Ma
271 2815 361 2859 Par
392 2818 504 2858 3017
540 2827 644 2858 cum
675 2815 982 2859 Boissonadio
1006 2815 1180 2859 Anecd.
1208 2814 1249 2858 V
1273 2818 1328 2858 33
1361 2813 1517 2858 Gasda
1543 2813 1715 2858 Cobeto
1741 2812 1844 2857 Coll

152 2877 238 2917 284
299 2872 497 2929 ἐπανίην
522 2874 614 2918 ΗΟ
643 2874 723 2918 sed
755 2874 805 2917 in
836 2873 924 2918 hoc
956 2890 1034 2929 ιην
1065 2874 1115 2918 in
1145 2889 1247 2930 ηειν
1279 2887 1381 2917 con·
1410 2873 1446 2926 f,
1478 2872 1570 2916 edd
1692 2877 1747 2916 16
1779 2872 1841 2929 μὴ

152 2932 317 2988 scripsi
349 2947 374 2976 e
398 2933 474 2976 La
533 2932 594 2988 μὴ
627 2933 678 2977 δὲ
704 2934 757 2977 Η
815 2933 930 2989 μηδὲ
964 2933 1130 2978 VOMa
1157 2934 1165 2988 Ι
1192 2948 1270 2989 μοι
1302 2946 1376 2976 om
1403 2933 1491 2976 Ma
1523 2931 1635 2975 Fen·
