2010 3168
577 90 1044 138 CORINTHIORUM
1076 91 1300 136 ORATIO
1715 92 1740 144 1
1750 90 1782 144 3

93 235 302 294 πόσους
341 229 718 283 ἀπολωλέκασι
756 237 870 291 τοῖς
908 226 1010 295 μὲν
1049 226 1269 282 ἔνδειαν
1309 230 1524 297 φόρων,
1575 230 1693 291 τοῖς
1729 227 1778 280 δ’

93 319 341 383 ἔκλειψιν
395 326 676 388 στρατιᾶς,
730 326 846 380 τοῖς
893 315 943 369 δ’
989 318 1176 380 ἄλλοις
1226 318 1363 370 ἄλλα
1414 317 1786 385 ἐγκαλοῦντες.

95 411 562 478 τὰςκληρουχίας
601 407 818 475 ἀφίημι,
858 408 923 459 τὰ
962 415 1073 459 τῶν
1113 417 1434 474 στρατηγῶν
1474 406 1589 458 ἴδια
1619 405 1785 473 κέρδη

95 490 179 561 οἷς
217 499 373 551 ἄλλοι
415 497 666 550 δίδονται
706 498 887 564 φόροι.

209 586 256 639 9.
305 588 381 639 Τὰ
419 583 520 654 μὲν
559 586 627 653 δὴ
666 593 855 651 πρῶτα
893 594 1004 637 τῶν
1050 593 1301 653 χρηστῶν
1347 585 1561 637 τούτων
1600 583 1787 652 ἀδική-
1835 605 1856 637 5

95 696 237 744 ματα
276 675 447 728 ταῦτά
495 674 634 740 ἐστι,
691 674 912 741 μᾶλλον
951 670 1012 727 δὲ
1057 673 1397 742 ἀσεβήματα,
1452 674 1512 726 τὸ
1559 674 1664 742 γὰρ
1713 673 1791 734 εἰς

97 767 284 827 πόλεις
316 763 640 832 Ἑλληνίδας
686 761 773 816 καὶ
823 764 995 825 θεοὺς
1035 760 1356 830 Ἑλληνίους
1405 769 1791 831 παρανομῆσαι

97 855 248 916 τίνος
301 850 528 906 ἔλαττον
580 851 830 920 ἀσέβημα
886 852 1137 921 ἡγεῖσθε;
1201 850 1320 904 ἀλλ’
1381 851 1567 920 ἐπειδὴ
1621 844 1793 903 ταῦτα

99 942 287 1003 αὐτοῖς
334 943 766 1010 συγκεχώρηται,
813 942 1099 994 θεάσασθε
1152 934 1242 994 οἷα
1291 940 1793 993 ἐπενεανιεύσαντο.

100 1031 239 1083 ἀλλὰ
265 1031 574 1083 Ποτίδαιαν
601 1031 751 1099 ἡμεῖς
786 1029 792 1101 Ι
827 1030 1179 1101 ἀπῳκίσαμεν
1207 1028 1295 1083 ἐπὶ
1326 1038 1442 1091 τοῖς
1474 1035 1615 1092 ἴσοις
1662 1034 1777 1077 RIV
1798 1037 1881 1077 35⁶2

100 1119 191 1172 καὶ
255 1118 468 1189 ὁμοίοις
529 1119 596 1171 τά
657 1139 714 1172 τε
776 1119 958 1172 αὐτῶν
1012 1121 1217 1188 νόμιμα
1272 1120 1463 1181 δόντες
1516 1119 1613 1172 καὶ·
1659 1114 1785 1170 καθ’
1820 1141 1861 1171 11

101 1208 332 1261 ἕκαστον
381 1211 499 1270 ἔτος
545 1210 677 1270 τοὺς
719 1206 1186 1279 ἐπιδημιουργοὺς
1232 1207 1292 1261 ἐκ
1332 1211 1626 1276 Κορίνθου
1665 1207 1796 1276 ’πέμ-

102 1316 311 1359 ποντες.
351 1296 442 1349 καὶ
477 1298 600 1366 γάρ,
641 1298 689 1349 εἰ
727 1304 803 1368 τῷ
834 1299 980 1368 τόπῳ
1014 1299 1359 1366 διήλλαττον,
1399 1296 1517 1350 ἀλλ’
1555 1298 1617 1350 ἓν
1656 1293 1798 1364 ἦσαν

103 1385 278 1454 γένος.
326 1387 503 1438 καίτοι
551 1386 640 1438 καὶ
686 1386 747 1438 τὸ
794 1389 999 1455 χωρίον
1044 1387 1281 1456 ἀτεχνῶς
1328 1386 1621 1440 ἀπείκαστο
1661 1387 1798 1453 πρὸς

105 1478 208 1542 τὴν
254 1476 560 1543 Κόρινθον.
615 1475 798 1544 ὥσπερ
853 1477 957 1544 γὰρ
1012 1475 1166 1543 ἡμεῖς
1218 1483 1313 1544 τῆς
1361 1478 1798 1544 Πελοποννήσου
1822 1497 1864 1529 15

103 1565 204 1616 τὸν
237 1565 442 1632 ἰσθμὸν
474 1565 683 1632 ἔχομεν,
709 1563 852 1617 οὕτω
886 1572 981 1633 τῆς
1005 1566 1303 1633 Παλλήνης
1334 1563 1550 1618 ἐκεῖνοι.
1595 1565 1677 1617 10.
1711 1563 1798 1617 ἐπὶ

227 1730 251 1767 2
292 1723 406 1768 Xen.
441 1723 560 1767 Heu.
587 1723 629 1767 V
652 1729 693 1776 2,
713 1729 767 1767 22
914 1729 937 1767 7
979 1724 1036 1769 cf.
1069 1740 1113 1782 p.
1143 1729 1299 1780 19,12.
1341 1725 1463 1770 t.111
1488 1730 1588 1781 283,
1607 1731 1660 1769 21

107 1788 134 1827 9
169 1782 226 1827 cf.
251 1799 297 1840 p.
323 1788 479 1838 42,11.
511 1783 631 1827 Plut.
658 1784 714 1827 de
741 1797 902 1827 comm.
929 1785 1024 1828 not.
1049 1799 1093 1841 p.
1123 1783 1294 1828 1079D
1417 1789 1472 1828 10
1505 1800 1571 1840 sq.
1597 1785 1802 1828 Thuc.V

104 1847 180 1898 ⁴¹19,
202 1848 223 1886 1
350 1847 403 1886 12
430 1843 485 1886 cf.
513 1857 557 1898 p.
578 1847 727 1897 14,18.
761 1843 950 1898 Gregor
993 1841 1291 1900 Cypr.an1;il.
1333 1849 1357 1898 ξ
1390 1849 1414 1887 7
1446 1859 1490 1900 p.
1518 1849 1588 1898 55,
1607 1849 1663 1887 24
1696 1858 1802 1888 cum

109 1902 251 2005 {ogga
278 1902 422 1945 Thuc.
447 1902 538 1945 156
566 1916 668 1945 cum
696 1901 837 1945 schol.
865 1902 1008 1958 (Suid
1038 1918 1071 1946 s
1094 1918 1136 1947 v
1162 1902 1454 1961 δημιουργοί)
1578 1909 1630 1947 16
1657 1903 1800 1947 Thuc.

234 2116 255 2153 1
290 2107 341 2153 δὲ
373 2109 536 2166 Doxap
588 2112 594 2165 Ι
646 2110 851 2165 ἔκλειψιν
886 2112 931 2154 Β
964 2110 1045 2154 sed
1078 2128 1104 2154 κ
1138 2125 1163 2155 e
1194 2114 1217 2154 λ
1251 2125 1364 2165 corr,
1398 2112 1457 2156 Vi
1486 2111 1568 2155 sed
1602 2110 1803 2166 ἔλλειψιν

111 2169 162 2214 in
193 2182 326 2226 marg
357 2168 427 2212 m²
489 2169 691 2224 ἔλλειψιν
717 2169 820 2214 HV
871 2167 1036 2226 ”ληψιν
1052 2169 1215 2227 Doxap
1352 2175 1377 2214 3
1411 2168 1690 2227 κληρουχίας
1717 2173 1804 2215 Ma

111 2229 195 2273 sed
227 2227 272 2285 χί
303 2229 351 2271 in
383 2241 458 2271 ras
490 2228 560 2271 m³
703 2232 728 2271 5
768 2228 1033 2292 ἀδικήματα
1065 2231 1236 2284 μᾶλλον
1277 2228 1327 2273 δὲ
1360 2230 1627 2288 ἀσεβήματα
1659 2228 1806 2274 ταῦτά

114 2285 208 2332 ἐστι
232 2289 278 2332 Β
400 2291 425 2329 6
457 2285 587 2331 ταῦτ’
619 2288 668 2330 Η
806 2292 828 2330 7
855 2289 934 2332 καὶ
959 2288 1111 2339 θεοὺς
1141 2288 1190 2331 in
1223 2302 1296 2332 me
1325 2289 1436 2333 Ma³
1485 2293 1491 2346 Ι
1542 2288 1613 2334 ἑλλ
1616 2290 1807 2346 ηνικοὺς

112 2344 433 2403 παρανομίσαι
463 2345 627 2420 Doxap
749 2351 775 2390 8
807 2348 930 2390 inter
961 2347 1019 2404 ἠγ
1023 2351 1151 2392 εῑσθε
1176 2351 1223 2391 et
1247 2346 1342 2392 ἀλλ’
1373 2349 1515 2393 verba
1539 2347 1694 2406 μέχρις
1717 2346 1806 2392 ὦδε

113 2406 171 2451 τὰ
202 2412 284 2461 τῆς
314 2403 578 2458 ποτιὸαίας,
612 2401 709 2449 εἶτα
736 2405 760 2449 ὁ
786 2407 892 2460 περὶ
916 2407 1060 2462 αὐτῆς
1092 2407 1314 2465 εἰσβάλλει
1338 2406 1471 2462 λόγος
1494 2409 1619 2451 inser
1646 2407 1805 2464 Doxap

234 2469 259 2508 9
292 2464 535 2509 θεάσασθε
569 2479 643 2508 om
677 2465 838 2522 Doxap
985 2471 1036 2509 11
1072 2467 1226 2510 αὐτῶν
1252 2467 1567 2512 HVViMaCl
1598 2466 1801 2522 Doxap'
1798 2485 1802 2519 ς

115 2523 328 2576 διδόντες
343 2524 506 2580 Doxap
631 2528 684 2595 12
712 2524 897 2574 ἔθοςΗ
915 2525 1015 2570 Mor
1138 2530 1191 2569 13
1217 2526 1297 2570 καὶ
1321 2539 1397 2569 om
1420 2526 1584 2582 Doxap
1613 2531 1618 2581 Ι
1647 2526 1688 2570 εἰ
1719 2525 1806 2583 γὰρ

116 2581 280 2639 Doxap
309 2585 315 2639 Ι
344 2582 447 2635 ἑνὸς
471 2585 518 2627 et
545 2587 599 2626 14
623 2582 786 2640 γένους
813 2583 972 2640 Doxap
1098 2589 1150 2628 14
1184 2582 1317 2640 γένος
1340 2580 1459 2641 ἦσαν
1486 2587 1546 2638 Μ
1567 2585 1668 2629 Μοι·
1694 2589 1701 2642 1
1729 2586 1807 2628 καὶ

117 2655 194 2686 om
218 2642 275 2686 Vi
301 2645 307 2699 Ι
335 2643 535 2700 ἀτεχνῶς
560 2642 724 2698 scripsi
750 2657 804 2687 ex
822 2644 929 2687 HV
952 2643 1115 2700 Doxap
1177 2644 1380 2702 ἀκριβῶς
1398 2645 1457 2687 Μ
1466 2646 1521 2688 Vz
1545 2644 1658 2688 sed
1645 2659 1695 2688 1n
1719 2644 1807 2689 hoc

117 2700 319 2761 ἀτεχνῶς
348 2701 398 2744 in
427 2715 562 2758 marg
583 2700 667 2755 ιη’,
694 2703 839 2747 MaOl
869 2701 959 2746 edd
1084 2707 1136 2746 15
1169 2702 1530 2757 Πελοποννήσου
1556 2702 1720 2759 scripsi
1753 2716 1809 2747 ex

117 2754 310 2804 ΗΒΜα
340 2760 503 2817 Doxap
564 2760 886 2815 πελοπονήσου
922 2762 1023 2805 VM
1031 2762 1142 2807 Vzol
1173 2762 1263 2806 edd
1298 2762 1353 2806 cf.
1381 2778 1425 2819 p.
1454 2767 1530 2818 12,
1542 2766 1566 2805 3
1593 2765 1640 2806 et
1664 2767 1691 2823 5

123 2850 179 2890 16
216 2833 449 2904 παλλήνης
472 2849 517 2892 Β
593 2847 818 2905 πελλήνης
842 2849 1006 2893 HVM
1041 2850 1120 2892 sod
1160 2849 1208 2893 in
1248 2850 1334 2894 hoe
1365 2868 1396 2893 α
1430 2863 1571 2906 supra
1603 2866 1645 2905 ε,
1678 2851 1757 2894 Vi

122 2905 470 2960 κελοποννήσου
502 2906 668 2963 Doxap
