2010 3168
146 621 164 653 5

191 110 297 162 298
656 109 884 154 LIBANH
914 109 1304 154 DECLAMATIO
1337 107 1422 151 XX

193 250 557 315 αριθμεῖσθαι
595 244 687 298 καὶ
726 247 792 298 τὰ
824 247 1162 313 Μεσσηνίων
1200 243 1292 298 καὶ
1323 245 1390 297 τὰ
1420 243 1686 312 Εὐβοέων
1723 247 1886 314 νοσή-

193 354 335 403 ματα
373 343 577 387 νοσεῖν.
619 333 667 386 6.
709 334 811 386 οὐκ
850 333 1101 403 ἐξήρκεσε
1141 333 1204 386 δέ
1239 353 1333 402 μοι
1372 340 1543 386 ταῦτα
1582 330 1714 386 οὐδὲ
1753 335 1887 403 ὅρον

192 431 288 490 τῆς
337 425 616 485 πολιτείας
669 421 826 492 μέχρι
881 423 1095 475 τούτων
1148 421 1512 491 ἐποιησάμην,
1567 421 1687 476 ἀλλ’
1738 422 1886 492 ὁρῶν

189 513 483 580 βαδίζοντα
520 511 620 564 τὸν
659 513 963 580 ἄνθρωπον
1003 510 1091 564 ἐπὶ
1137 512 1240 580 τὴν
1283 510 1545 580 Ἀττικήν,
1593 512 1685 564 ἵνα
1725 514 1887 580 φίλος

188 600 323 668 ὑμῖν
361 599 609 669 γένηται,
655 598 747 653 καὶ
797 601 889 653 διὰ
928 607 1092 653 τοῦτο
1140 599 1500 668 κεκινημένον
1539 602 1670 666 μετὰ
1710 600 1886 668 πάσης

187 697 283 757 τῆς
323 690 622 759 δυνάμεως,
661 690 754 742 ἵνα
791 690 890 742 τὸν
938 691 1115 758 δῆμον
1160 699 1272 742 τῶν
1323 688 1620 757 Ἀθηναίων
1668 688 1884 758 εὐεργε-

100 782 219 827 RIV
237 787 322 827 819
371 780 506 847 τήσῃ
538 779 634 841 τὰς
674 778 988 847 εὐεργεσίας
1023 777 1029 846 Ι
1064 779 1264 841 ταύτας
1305 777 1367 840 ἃς
1405 783 1572 830 εἴωθε
1609 776 1885 847 παρέχειν,

191 869 379 920 ἔπεισα
418 867 518 934 μὲν
557 866 699 936 ὑμᾶς
737 868 835 920 τὸν
886 868 1126 933 πόλεμον
1173 868 1441 936 ἄρασθαι,
1489 865 1783 920 ἑπτακόσια
1824 864 1885 920 δὲ

187 963 283 1023 τῆς
321 954 557 1025 Ἀττικῆς
603 956 798 1008 στάδια
844 957 1222 1024 προελθόντας
1266 956 1369 1023 τὴν
1416 956 1702 1024 συμβολὴν
1747 956 1885 1024 πρὸς

124 1066 166 1098 10
192 1045 364 1097 αὐτὸν
401 1046 742 1113 ποιήσασθαι
785 1043 915 1097 δέον
955 1044 1218 1113 ἐνταῦθα,
1258 1042 1347 1097 ἐπὶ
1386 1053 1497 1097 τῶν
1537 1043 1709 1113 ὅρων,
1747 1045 1885 1113 πρὸς

121 1509 162 1540 15

187 1139 262 1204 τῷ
304 1138 581 1202 Πειραιεῖ,
628 1133 766 1203 πρὸς
811 1139 886 1204 τῷ
937 1136 1281 1202 Μαραθῶνι,
1329 1133 1422 1186 ἵνα
1469 1132 1767 1203 ἐξαλειφθῇ
1818 1134 1885 1185 τὰ

189 1224 424 1290 τρόπαια
464 1223 529 1274 τὰ
567 1223 772 1274 παλαιὰ
811 1230 928 1284 τοῖς
966 1230 1197 1290 καινοῖς,
1238 1221 1465 1276 ἀθύτων
1504 1222 1595 1275 καὶ
1636 1221 1883 1275 ἀκαλλιε-

189 1312 369 1380 ρήτων
414 1320 526 1364 τῶν
575 1312 739 1380 ἱερῶν
784 1310 1149 1380 ὑπαρχόντων
1202 1311 1581 1372 κατασπεύσας
1636 1310 1766 1364 δέον
1819 1312 1881 1364 τὸ

188 1407 412 1468 πρᾶγμα
473 1401 677 1469 σχολὴν
742 1407 843 1452 τοῦ
913 1398 1155 1466 πολέμου
1218 1407 1525 1469 παρασχεῖν
1579 1400 1881 1452 Μακεδόσι.

191 1489 236 1539 7.
267 1496 568 1557 τοιγαροῦν
600 1488 927 1557 ἐπταίκαμεν
958 1486 1050 1541 καὶ
1080 1489 1286 1543 πάθεσι
1317 1487 1573 1558 κέχρηται
1607 1488 1882 1550 τοιούτοις

189 1578 216 1630 ὁ
258 1578 430 1646 δῆμος
476 1577 615 1640 οἵοις
660 1577 931 1646 μηδέποτε
975 1579 1248 1647 πρότερον
1288 1575 1578 1646 ἐχρήσατο,
1625 1573 1744 1644 μήτ’
1792 1574 1880 1629 ἐπὶ

187 1675 298 1719 τῶν
343 1666 617 1733 Μηδικῶν
662 1663 782 1734 μήτ’
838 1663 900 1718 ἐν
946 1672 1021 1736 τῷ
1060 1664 1278 1736 πολέμῳ
1333 1671 1409 1735 τςό
1455 1669 1774 1737 Δεκελεικῷ.
1828 1666 1884 1717 τί

187 1756 291 1823 γὰρ
335 1754 379 1822 ἡ
435 1752 497 1807 ἐν
551 1757 782 1824 Σικελίᾳ
838 1754 1099 1822 συμφορὰ
1145 1753 1283 1823 πρὸς
1335 1753 1396 1806 τὸ
1454 1751 1515 1806 ἐν
1570 1757 1881 1824 Χαιρωνείᾳ

186 1845 391 1912 πάθος;
437 1844 493 1895 τί
539 1840 599 1895 δὲ
644 1844 710 1895 τὰ
758 1841 817 1895 ἐν
850 1840 1231 1913 Ἑλλησπόντῳ
1278 1845 1587 1909 πταίσματα
1631 1843 1769 1908 πρὸς
1813 1843 1880 1894 τὰ

308 2009 330 2046 1
365 2018 431 2058 sq.
465 2003 593 2046 Dem.
629 2016 717 2046 cor.
751 2017 796 2058 p.
824 2007 995 2056 324‚11
1031 2004 1078 2046 eh
1113 2006 1189 2055 16;
1238 2006 1337 2056 212,
1356 2006 1433 2057 263
1479 2007 1650 2058 248,12
1670 2017 1736 2058 sq.

187 2069 212 2106 2
239 2062 297 2106 cf.
314 2078 359 2118 p.
379 2067 546 2115 302,1Ο
668 2067 693 2104 5
727 2061 856 2105 Dem.
875 2061 1095 2104 Aristocr.
1114 2076 1158 2117 p.
1180 2065 1345 2116 660‚16
1363 2075 1430 2117 sq.
1554 2066 1578 2104 6
1610 2061 1728 2104 Plat.
1755 2060 1876 2117 apol.

187 2138 230 2178 p.
251 2127 305 2165 36
325 2121 378 2174 C3
411 2134 506 2177 rep.
525 2121 566 2164 X
583 2135 627 2176 p.
648 2126 732 2164 615
752 2121 786 2163 B
908 2124 934 2163 8
959 2120 1090 2164 Dem.
1109 2134 1199 2164 cor.
1218 2135 1263 2177 p.
1284 2124 1383 2173 304,
1403 2125 1456 2164 12
1581 2125 1634 2163 12
1660 2120 1875 2164 Aesohin.

187 2180 306 2225 Ctes.
340 2185 365 2234 ξ
393 2186 474 2224 131
500 2195 544 2236 p.
566 2185 725 2236 72‚16;
757 2184 781 2233 ξ
810 2184 892 2223 152
917 2195 962 2235 p.
983 2183 1118 2234 75,12
1242 2184 1294 2222 17
1330 2179 1386 2223 cf.
1411 2194 1456 2235 p.
1476 2184 1635 2234 222,2;
1668 2194 1711 2235 p.
1731 2183 1831 2235 306,
1851 2183 1874 2222 7

308 2245 360 2283 17
404 2239 534 2283 Dem.
567 2239 709 2282 Andr.
741 2254 786 2295 p.
813 2243 913 2292 597,
933 2243 988 2282 26
1157 2243 1210 2282 18
1251 2238 1308 2283 cf.
1341 2241 1374 2283 t.
1399 2238 1442 2282 V
1464 2243 1536 2291 46,
1557 2245 1594 2282 1.
1641 2238 1782 2282 schol.
1816 2239 1878 2281 ad

186 2299 422 2354 Arisboph.
457 2299 560 2354 Lys.
594 2303 693 2341 421.
728 2296 866 2341 Arist.
899 2311 995 2354 rep.
1030 2297 1137 2341 Ath.
1165 2301 1235 2351 29,
1257 2303 1277 2340 1
1420 2301 1472 2340 19
1506 2297 1719 2341 Aeschin.
1755 2297 1873 2342 Ciues,

190 2363 294 2411 §52

308 2510 330 2548 l
365 2503 593 2560 μεσηνίων
625 2503 734 2547 libri
765 2504 833 2547 Re
969 2508 994 2546 5
1028 2504 1246 2546 διατοῦτο
1272 2503 1390 2548 HLi
1439 2507 1444 2559 Ι
1495 2503 1788 2559 κεκινημένοι
1811 2505 1876 2548 Li

308 2569 362 2607 10
395 2563 471 2608 ἐπὶ
501 2570 593 2607 τῶν
628 2560 745 2617 ὅρων
777 2562 952 2605 inserui
984 2575 1008 2605 e
1034 2563 1097 2606 Li
1130 2561 1285 2619 (ὅρων)
1348 2577 1421 2606 om
1447 2563 1779 2608 HVMatMon
1805 2563 1873 2607 Re

309 2628 362 2666 15
395 2620 677 2678 ἐπταίκαμεν
707 2622 894 2677 reposui
927 2635 982 2664 ex
1004 2621 1234 2664 HMath·
1300 2621 1586 2677 ἐπταίκαμον
1620 2623 1663 2666 V
1717 2620 1872 2666 ἐπταί-

187 2684 354 2726 καλλον
380 2683 498 2725 Μονι
521 2680 588 2723 Re
650 2680 866 2723 ἔπταικεν
890 2679 985 2735 ἅμα
1008 2679 1171 2723 Iacobs
1197 2680 1302 2723 Add
1329 2685 1380 2723 51
1406 2681 1481 2724 vel
1512 2680 1698 2725 ἔπταικε
1721 2688 1874 2730 κακῶς

186 2741 259 2784 vel
297 2738 475 2791 ἀθλίως
513 2740 626 2782 Lech
659 2743 758 2793 150,
836 2739 1020 2782 ἔπταικε
1059 2740 1230 2793 μᾶλλον
1273 2740 1366 2782 Rev
1396 2744 1482 2782 425
1528 2737 1692 2782 Schulz
1726 2744 1779 2782 57
1826 2741 1873 2783 et

187 2799 390 2844 Sinbenis
514 2803 567 2842 18
599 2798 650 2840 τὸ
683 2798 868 2853 reposui
901 2811 953 2839 ex
979 2798 1038 2842 Η
1043 2798 1256 2841 VMatLi
1287 2812 1392 2841 cum
1423 2797 1632 2842 Iacobsio
1665 2798 1761 2841 Rev
1784 2803 1870 2842 425

187 2857 353 2902 Schulz
386 2862 439 2900 57
473 2859 521 2900 et
552 2856 732 2900 Sinteni
806 2859 868 2913 τῷ
895 2858 1014 2900 Mon
1045 2855 1112 2898 Re
1250 2861 1303 2900 19
1337 2856 1619 2912 ἑλλησπόντα
1644 2858 1872 2901 MatMon

187 2916 269 2960 sed
299 2917 348 2959 in
380 2917 468 2959 hoc
501 2933 534 2959 co
561 2930 698 2970 supra
722 2932 751 2957 α
