2010 3168
189 1042 231 1074 10

187 1488 226 1519 15

185 2373 226 2406 25

262 79 330 132 78
849 80 1139 126 GREGORJI
1170 77 1372 125 CYPRH

257 216 698 285 ὑπεραλγοῦντες
745 216 778 285 ἢ
825 224 900 290 τῷ
947 218 1085 286 πρὸς
1138 217 1278 286 ἡμᾶς
1333 219 1534 290 φθόνῳ
1588 219 1953 287 κεκινημένοι.

258 313 331 376 τῷ
364 312 528 359 τοῦτο
561 307 755 376 δῆλον,
794 306 843 369 ἐξ
878 302 958 360 ὧν
989 305 1321 368 ἀναστάντες
1352 308 1526 359 εἰπεῖν
1557 315 1656 360 τοῦ
1688 327 1746 361 τε
1779 310 1952 377 λόγου

257 396 540 464 πρόφασιν
579 397 794 464 ἔχοντες
833 396 899 447 τὰ
933 396 1320 448 Ποτιδαιατῶν
1357 396 1512 464 πάθη
1545 396 1690 466 ὅμως
1722 394 1951 451 ἔλαττον

256 481 381 551 περὶ
422 482 647 537 ἐκείνων
687 485 986 553 εἰρήκασιν,
1027 483 1055 536 ὁ
1097 481 1159 536 δὲ
1196 486 1370 546 πολὺς
1410 486 1572 553 λόγος
1611 487 1799 548 αὐτοῖς
1839 487 1950 540 διε-

255 573 459 642 γείρων
497 569 566 640 ἦν
603 572 745 642 ὑμᾶς
785 573 872 626 ἐπὶ
918 574 1017 626 τὸν
1063 572 1326 641 ἡμέτερον
1376 575 1629 643 πόλεμον.
1676 574 1709 642 ἢ
1750 575 1818 628 οὐ
1857 575 1950 642 με’-

256 667 474 729 μνησθε
513 662 586 724 ὡς
625 661 1001 729 ἐγκελεύοντες
1031 658 1172 730 ἦσαν
1203 662 1338 731 ὑμῖν
1368 663 1616 732 καθάπερ
1654 655 1950 734 στρατηγοὶ

258 749 631 820 στρατιώταις·
687 755 752 802 τί
785 752 1104 821 κάθησθε,
1145 754 1209 803 τί
1244 750 1700 819 ἀνατέτραφθε
1733 754 1814 815 ὡς
1846 752 1942 821 ἐφ’

254 839 488 904 ὕπνον;
527 843 592 892 τί
625 841 693 893 τὸ
726 838 1030 910 Δωρικὸν
1060 841 1166 893 καὶ
1198 841 1475 910 πάτριον
1515 841 1630 894 οὐκ
1661 841 1947 910 ἀναλαμ-

255 929 484 996 βάνετε
543 931 866 999 φρόνημα;
922 929 1037 998 οὐχ
1100 928 1290 998 ὁρᾶτε
1344 931 1496 992 τοὺς
1550 928 1950 1000 ἀνθρώπους

256 1018 337 1080 ὡς
377 1016 735 1081 αὐξάνουσι
775 1017 880 1071 καὶ
919 1021 1366 1088 προβαίνουσι
1396 1017 1501 1071 καὶ
1535 1022 1754 1087 μεῖζον
1786 1039 1946 1089 φρο-

255 1114 447 1159 νοῦσι
486 1115 596 1176 τῆς
636 1109 911 1176 φύσεως-ς
952 1107 1026 1160 οὐ
1066 1106 1373 1170 καθέξετε
1414 1115 1601 1176 σφᾶς;
1642 1108 1714 1160 οὐ
1756 1128 1947 1161 κατα-

255 1198 534 1266 βαλεῖτε,
605 1195 679 1249 οὐ
748 1197 1182 1249 ταπεινώσετε
1251 1195 1406 1265 πρὶν
1467 1195 1500 1264 ἢ
1564 1197 1950 1265 φθάσουσιν

255 1286 491 1354 ἄμαχοι
531 1287 904 1353 γεγονότεςς

363 1373 450 1426 46.
499 1373 610 1426 Καὶ
657 1376 718 1427 τὸ
767 1375 868 1441 μὲν
916 1375 982 1443 δὴ
1029 1373 1483 1443 προβεβλημένον
1537 1373 1724 1435 αὐτοῖς
1777 1376 1950 1427 ἄλλον

255 1464 382 1531 ἔχον
423 1463 609 1530 ἀγῶνα
649 1465 728 1526 εἰς
773 1465 875 1531 τὴν
920 1462 1045 1516 καθ’
1096 1464 1273 1532 ἡμῶν,
1314 1464 1387 1526 ὡς
1430 1462 1615 1533 ὁρᾶτε,
1663 1465 1950 1532 συμβολὴν

252 1551 550 1621 ἀπεκρίθη,
597 1552 730 1620 ἡμῖν
777 1552 838 1605 δὲ
888 1553 1026 1622 πρὸς
1064 1560 1233 1604 ταῦτα
1280 1554 1489 1621 βραχὺς
1535 1550 1605 1604 ἂν
1644 1556 1724 1619 εἴη
1767 1553 1947 1620 λόγος,

253 1640 318 1693 ὃν
375 1641 443 1709 δὴ
499 1641 695 1694 αὐτίκα
765 1642 1010 1704 εἰπόντες
1070 1643 1506 1710 καταβησόμεθα.
1576 1641 1638 1693 τὸ
1705 1640 1807 1707 μὲν
1877 1642 1945 1709 δὴ

252 1732 467 1798 μείζους
516 1729 733 1783 ἐθέλειν
781 1729 991 1783 ἑαυτῶν
1039 1734 1295 1798 γίνεσθαι
1342 1729 1432 1783 καὶ
1478 1731 1810 1801 προκόπτειν
1861 1729 1947 1782 ἀεὶ

253 1818 355 1871 οὐκ
395 1818 742 1888 ἀρνούμεθα,
791 1818 1080 1888 ἐπειδήπερ
1129 1820 1195 1872 οὐ
1243 1822 1434 1888 μόνοις
1478 1827 1594 1881 τοῖς
1632 1817 1946 1886 Ἀθηναίοις

186 1932 204 1962 2
252 1904 421 1975 ἔργον
460 1906 574 1960 ἐστὶ
616 1908 1065 1976 σπουδαζόμενον
1113 1908 1243 1960 οὐδὲ
1289 1909 1480 1974 μόνοις
1527 1917 1639 1969 τοῖς
1665 1905 1946 1975 ’Έλλησιν,

251 1995 389 2048 ἀλλά
435 1995 526 2048 καὶ
574 1996 791 2059 τούτοις
836 1997 925 2048 καὶ
981 1997 1281 2066 βαρβάροις
1326 1998 1416 2049 καὶ
1468 2004 1638 2049 πᾶσιν
1691 1995 1764 2057 ὡς
1818 1992 1947 2058 ἔπος

251 2087 426 2137 εἰπεῖν
466 2083 800 2155 ἀνθρώποις.
841 2085 1007 2154 φύσει
1048 2086 1152 2154 γὰρ
1194 2087 1361 2138 ἅπασι
1400 2086 1502 2154 τὴν
1551 2092 1650 2138 τοῦ
1689 2087 1945 2146 πλείονος

253 2173 556 2241 ἐπιθυμίαν
597 2180 754 2243 ἴσμεν
795 2172 1162 2240 ἐντετηκέναι,
1215 2173 1320 2228 κᾶν
1359 2175 1410 2227 εἴ
1446 2194 1527 2236 τις
1566 2175 1783 2241 αἱρῆται
1823 2192 1945 2241 μετ-

254 2262 393 2315 ιέναι
448 2262 573 2315 καθ’
622 2263 719 2316 ἕνα
774 2265 904 2325 τοὺς
957 2264 1186 2331 πάντας,
1242 2263 1343 2316 οὐκ
1391 2264 1460 2316 ἄν
1515 2281 1645 2314 ποτε
1693 2261 1944 2328 οὐδαμοῦ

253 2351 613 2403 διαπίπτοντα
659 2352 758 2404 τὸν
804 2354 972 2418 λόγον
1019 2350 1252 2419 εὑρήσει.
1306 2351 1397 2403 καὶ
1443 2351 1695 2419 οὐδαμῶς
1740 2349 1810 2402 ἂν
1857 2355 1940 2418 εἴη

252 2442 415 2492 τοῦτό
455 2459 516 2507 γε
557 2441 662 2492 ἄπο
702 2442 937 2507 τρόπου,
985 2441 1036 2492 εἰ
1072 2441 1206 2492 κατὰ
1254 2441 1315 2492 τὸ
1355 2439 1599 2508 πεφυκὸς
1637 2445 1804 2490 πᾶσιν
1844 2438 1938 2490 ἀν-

371 2589 397 2627 8
429 2584 571 2628 Thuc.
589 2584 652 2628 IV
670 2589 778 2639 86,3
900 2589 954 2627 26
980 2584 1098 2628 Plat.
1116 2597 1212 2640 rep.
1232 2585 1271 2627 V
1289 2599 1331 2640 p.
1352 2584 1497 2628 47013.
1531 2583 1719 2627 Theaet.
1745 2597 1789 2639 p.
1811 2581 1938 2626 143C

371 2721 396 2759 8
429 2715 673 2771 πατρωίων
709 2719 747 2761 V
890 2722 941 2761 11
975 2718 1273 2774 καταβαλεῖτε
1306 2716 1469 2773 scripsi
1543 2714 1822 2772 καταβάλετε
1846 2715 1946 2758 LV

252 2775 390 2819 Schm
522 2781 575 2819 15
616 2777 846 2833 συμβολὴν
886 2775 1051 2832 scripsi
1112 2775 1374 2834 συμβουλὴν
1398 2776 1497 2819 LV
1551 2773 1769 2832 ἐπιβολὴν
1801 2773 1940 2817 Schm

373 2839 425 2877 17
466 2835 831 2892 καταβησόμεθα
871 2834 1036 2891 scripsi
1069 2848 1094 2878 e
1119 2835 1216 2878 LV
1285 2833 1626 2892 ἀποβησόμεθα
1661 2832 1799 2876 Schm

253 2898 307 2936 23
342 2892 595 2950 ἐπιθυμίας
621 2895 664 2938 V
