2010 3168
533 117 862 163 [NVECTIVA
893 117 959 162 IN
990 117 1342 175 AEsomNEM
1670 117 1780 169 207

90 258 244 309 πόλει
297 255 511 324 βλάβην
563 254 624 307 τὸ
663 252 1080 323 -πεπραγμένον,
1135 253 1253 307 ἀλλ’
1308 255 1509 316 ἄλλους
1554 253 1784 323 <ἄλλα>,

92 346 352 413 Αἰσχίνη,
398 345 657 412 μειζόνως
704 345 887 410 λυπεῖ,
941 335 1063 395 οἷον
1106 345 1413 405 Θετταλοὺς
1459 343 1519 395 τὸ
1567 342 1640 411 μὴ
1688 346 1780 394 λα-

91 435 236 501 βεῖν,
297 432 501 501 ὥσπερ,
565 427 739 500 οἶμαι,
795 432 886 484 καὶ
943 429 1262 498 Ἀθηναίους
1316 432 1377 484 τὸ
1432 429 1558 498 περὶ
1613 430 1783 494 δόξαν

93 525 433 591 ζημιοῦσθαι.
472 521 832 590 μετριώτερος
871 519 941 572 ἂν
987 514 1137 587 ἦσθα
1182 519 1271 572 καὶ
1321 527 1428 572 νῦν
1478 522 1651 589 χωρία
1690 517 1780 571 καὶ

93 609 312 680 λιμένας
372 609 630 679 προδούς.
692 609 752 662 τὸ
815 605 917 677 μὲν
970 610 1074 677 γὰρ
1130 609 1359 678 ἄριστον
1412 606 1546 678 μήθ’
1608 608 1781 671 οὕτως
1829 630 1849 661 5

89 697 208 767 μήτ’
262 697 484 760 ἐκείνως
537 695 660 766 μηδ’
709 697 849 760 ὅλως
904 696 1118 750 ἀδικεῖν
1168 698 1268 766 τὴν
1319 697 1678 765 ἐνεγκοῦσαν,
1733 698 1781 750 εἰ

91 785 141 840 δ’
186 787 219 856 ἡ
259 787 428 855 φύσις
485 784 492 858 Ι
550 782 688 839 οὖσα
735 787 951 857 πονηρὰ
996 786 1322 840 καθέλκεται
1370 784 1461 839 καὶ
1502 786 1603 839 οὐκ
1648 790 1874 835 Rm408

90 875 159 929 ἂν
221 875 249 928 ὁ
312 875 595 944 μοχθηρὸς
657 875 885 928 δύναιτο
955 885 1297 945 σωφρονεῖν,
1367 876 1445 937 εἰς
1513 876 1579 927 τὰ
1643 876 1781 928 ἄλλα

88 963 368 1033 βλαπτέτω
423 971 517 1033 τῆς
572 962 734 1033 δόξης
778 963 1126 1034 ἀπεχόμενος.
1191 963 1277 1016 29.
1332 962 1438 1032 ἐγὼ
1488 961 1549 1016 δὲ
1587 971 1781 1016 τοσοῦ-

87 1073 186 1106 τον
240 1052 519 1122 ἀφέστηκα
573 1059 673 1105 τοῦ
726 1051 912 1124 πρᾴως
966 1052 1035 1105 ἂν
1088 1053 1154 1105 τὰ
1213 1060 1320 1106 νῦν
1383 1052 1627 1120 ἐνεγκεῖν
1689 1053 1782 1104 διὰ
1808 1075 1853 1107 10

88 1144 149 1196 τὸ
189 1144 261 1212 μὴ
299 1141 424 1211 περὶ
463 1143 529 1195 τὰ
577 1143 715 1195 ἄλλα
762 1143 1079 1211 βεβλάφθαι
1118 1142 1220 1210 τὴν
1258 1143 1441 1210 πόλιν,
1481 1139 1606 1194 ὥστ’
1654 1138 1773 1194 οὐδ’

89 1233 138 1284 εἰ
175 1232 512 1300 κτησάμενος
551 1230 683 1300 ἡμῖν
721 1233 855 1298 μετὰ
894 1238 989 1299 τῆς
1024 1231 1306 1299 παρούσης
1338 1227 1558 1293 ἀδοξίας
1597 1231 1782 1299 χώραν

89 1321 180 1374 καὶ
233 1321 553 1389 συμμάχους
614 1320 704 1372 καὶ
766 1321 1080 1390 προσόδους
1141 1317 1442 1388 ἐτύγχανεν
1495 1319 1781 1388 Αἰσχίνης,

89 1407 207 1464 οὐδ’
254 1409 431 1471 οὕτως
477 1408 547 1462 ἂν
592 1405 758 1478 ἦττον
799 1407 885 1478 ἐφ’
932 1401 1016 1472 οἷς
1061 1409 1408 1476 ἠδικούμεθα
1459 1404 1780 1477 ὠργιζόμην.

89 1499 180 1551 καὶ
218 1506 388 1551 ταῦτα
429 1499 755 1566 δεδίδαγμαι
794 1498 941 1567 παρὰ
980 1507 1092 1550 τῶν
1138 1499 1328 1567 νόμων
1368 1496 1466 1560 οὓς
1505 1497 1561 1550 οί
1595 1494 1780 1565 ἡμέτε-
1808 1520 1852 1552 15

91 1607 179 1656 ροι
225 1587 454 1655 πατέρες
508 1590 718 1656 ἔθηκαν
772 1586 838 1640 οὐ
894 1587 1226 1656 γράψαντες,
1282 1587 1464 1655 ὥσπερ
1513 1584 1542 1638 ὁ
1583 1587 1782 1637 Σόλων

208 1767 235 1804 4
269 1762 325 1806 cf.
350 1764 384 1806 t.
409 1762 473 1805 IV
498 1766 663 1816 242,3Ο
679 1762 722 1806 R
843 1767 869 1806 5
901 1762 1030 1806 Dem.
1056 1777 1101 1819 p.
1121 1765 1258 1817 20,2Ο
1382 1767 1404 1805 7
1440 1761 1497 1806 cf.
1522 1763 1555 1805 t.
1580 1761 1622 1805 V
1640 1765 1710 1816 96,
1727 1766 1781 1804 12

91 1923 301 1983 Αἰσχίνη,
334 1924 553 1981 μειζόνως
583 1927 745 1968 λυπεῖ“
769 1924 837 1968 Re
898 1931 1081 1977 κοῦφον
1106 1922 1157 1968 δὲ
1183 1924 1243 1980 μὴ
1270 1923 1422 1982 εἴπῃς·
1451 1925 1498 1968 et
1523 1927 1659 1977 207‚1
1687 1920 1781 1967 ἀλλ’

91 1984 257 2036 ἄλλους
277 1984 440 2028 Iacobs
464 1984 578 2027 Lech
601 1989 687 2027 214
710 1984 808 2028 Rev
831 1988 917 2027 426
946 1986 952 2039 Ι
979 1983 1098 2041 λέγει
1130 1983 1296 2040 scripsi
1357 1983 1398 2027 εἰ
1430 1982 1518 2040 γὰρ
1550 1982 1659 2026 libri
1691 1982 1781 2026 edd

94 2044 110 2146 k
138 2044 242 2101 ἔχον
272 2043 460 2100 reposui
492 2058 516 2087 e
547 2042 700 2097 libris,
739 2046 794 2087 ut
836 2043 942 2088 coni
972 2043 1041 2086 Re
1114 2039 1240 2100 εἶχον
1272 2042 1363 2086 edd
1395 2042 1478 2086 sed
1509 2059 1564 2100 γρ
1598 2042 1703 2099 ἔχον
1736 2043 1783 2086 et

107 2101 150 2147 ’σ.
184 2102 281 2160 ἔχοι
311 2102 360 2145 in
384 2115 519 2159 marg
542 2102 644 2146 Mor

213 2166 235 2204 1
270 2161 383 2205 ἄλλα
415 2161 605 2216 inserui,
636 2164 690 2205 ut]
722 2161 826 2205 coni
858 2161 925 2205 Re
1009 2175 1084 2205 om
1118 2160 1229 2204 libri
1261 2161 1352 2204 edd
1495 2165 1522 2202 4
1562 2159 1641 2203 καὶ
1675 2160 1785 2217 νῦν]

93 2222 154 2276 nf-
187 2219 406 2278 Αἰσχίνη,
446 2225 528 2265 aut
568 2222 647 2278 leq.
680 2218 805 2278 τείχη
844 2221 925 2264 καὶ
956 2226 1039 2265 aut
1069 2227 1186 2270 ναῦς
1216 2220 1324 2263 καὶ“
1357 2220 1425 2264 Re
1499 2219 1581 2262 καὶ
1612 2219 1782 2274 νεώρια

92 2279 253 2324 Iacobs
285 2281 391 2335 App
424 2279 535 2324 Pors
561 2283 645 2323 323
685 2279 798 2324 Lect
822 2284 908 2323 214
940 2279 1039 2324 Rev
1062 2284 1147 2323 426
1182 2281 1232 2323 at
1263 2278 1321 2323 cf.
1346 2279 1375 2322 l.
1404 2283 1480 2332 123
1512 2293 1558 2335 p.
1585 2282 1686 2332 203,
1706 2282 1782 2333 10;

94 2342 196 2394 205,
216 2343 284 2383 10.
318 2338 445 2383 Dem.
472 2338 502 2381 1.
528 2337 559 2381 1.
681 2344 706 2382 6
732 2338 792 2395 μὴ
818 2336 860 2383 δ’
886 2340 943 2383 H
998 2336 1113 2395 μήθ’
1143 2339 1210 2382 Re
1239 2341 1244 2395 Ι
1272 2339 1454 2383 ἀδικεῖν
1483 2337 1584 2381 Mor
1615 2337 1698 2382 sed
1728 2354 1783 2394 γρ

94 2398 252 2442 ἀδικεῖ
280 2397 330 2440 in
360 2411 495 2454 marg
638 2403 661 2441 ’1
703 2397 749 2441 δ’
785 2397 814 2454 ἡ
848 2400 895 2442 et
925 2397 1111 2455 πονηρὰ
1149 2397 1336 2454 reposui
1367 2410 1393 2441 e
1423 2396 1557 2440 libris
1592 2399 1647 2440 ut
1677 2397 1781 2440 coni

94 2456 161 2500 Re
223 2456 281 2513 δὴ
313 2459 360 2501 01:
391 2456 601 2512 πονηρὸν
633 2457 723 2501 edd
751 2459 757 2513 Ι
785 2458 901 2513 πρὸς
931 2457 983 2501 τὸ
1015 2457 1226 2514 πονηρὸν
1258 2459 1366 2500 ante
1398 2455 1679 2500 καθέλκεται
1712 2456 1781 2499 in-

94 2515 340 2559 serendum
372 2516 476 2559 coni
509 2515 575 2559 Re
695 2520 721 2559 8
754 2514 844 2561 κᾶν
877 2515 901 2560 ὁ
927 2518 1070 2561 AthP
1098 2516 1180 2560 sed
1211 2515 1260 2559 in
1290 2516 1379 2559 hoc
1409 2516 1491 2559 καὶ
1521 2515 1606 2559 οὐκ
1638 2512 1699 2560 ἂν
1732 2515 1783 2558 in

94 2587 240 2631 marg,
275 2576 322 2619 et
353 2591 407 2631 γρ
438 2573 488 2617 in
518 2589 650 2631 marg
680 2574 784 2618 Mor
915 2580 940 2619 9
974 2574 1208 2634 βλαπτέτω
1242 2574 1406 2631 scripsi
1438 2587 1494 2618 ex
1519 2574 1662 2618 ΗΜα
1693 2573 1783 2618 coll

94 2648 140 2689 p.
167 2637 268 2687 209,
287 2639 310 2678 1
374 2632 572 2691 βλεπέτω
596 2634 739 2679 AthP
766 2634 858 2677 edd
981 2639 1034 2678 10
1065 2641 1289 2679 τοσοῦτον
1318 2633 1483 2690 scripsi
1514 2646 1571 2677 ex
1595 2634 1653 2678 H
1678 2647 1782 2676 cum

94 2691 304 2736 Iacobsio
349 2692 455 2735 Add
487 2696 572 2735 360
615 2693 721 2749 App
761 2694 872 2736 Pors
905 2697 990 2737 323
1037 2694 1151 2737 Lect
1182 2698 1267 2737 214
1344 2689 1526 2737 τοσοῦτ’
1554 2693 1785 2736 AthPMa

97 2751 187 2795 edd
214 2753 220 2808 1
248 2749 408 2811 πρᾴως
437 2751 624 2807 reposui
656 2765 680 2794 e
710 2751 856 2807 libris,
900 2755 954 2796 ut
986 2753 1091 2797 coni
1123 2753 1189 2795 Re
1263 2751 1485 2806 πράττειν
1507 2751 1607 2794 χ0(κί
1666 2767 1784 2811 πρᾳ,

98 2806 257 2864 ότερον
287 2809 449 2853 Iaeobs
499 2814 505 2866 ι
556 2808 616 2855 ἂν
649 2824 723 2854 om
748 2812 803 2854 H
921 2817 973 2856 11
1006 2811 1112 2866 περὶ
1144 2810 1203 2867 μὴ
1231 2813 1321 2855 Ma
1362 2815 1367 2864 Ι
1409 2810 1550 2854 τᾶλλα
1578 2811 1666 2855 Μα

100 2871 155 2911 14
186 2866 350 2925 ἐφοίση
380 2868 482 2912 Mor
530 2870 537 2927 1
587 2869 842 2926 ὠργιζόμην
875 2870 1039 2927 scripsi
1072 2885 1096 2914 θ
1120 2871 1311 2915 ΡΗΜα
1371 2866 1668 2927 ὠργιζόμενοι
1691 2869 1784 2911 Ath

158 2925 445 2983 ὀργιζόμενοι
475 2927 578 2972 Mor
609 2928 690 2972 sed
713 2945 781 2985 γρ.
815 2927 1054 2986 ὀργίζομεν
1085 2930 1134 2972 in
1166 2942 1300 2986 marg
1362 2926 1626 2984 ὀργιζοίμην
1655 2927 1723 2970 Re
