2010 3168
558 112 1025 162 ATHENIENSIUM
1054 115 1258 161 DEFEN
1262 116 1355 162 810
1736 117 1768 167 8
1777 118 1803 168 1

116 261 212 322 τῆς
249 254 405 323 ἡμῶν
443 253 651 322 ἀρετῆς,
691 253 896 306 ὀλεῖται
935 250 998 305 δὲ
1035 262 1212 316 κακῶς
1249 253 1282 322 ἡ
1315 252 1510 315 Ἑλλὰς
1547 250 1638 305 καὶ
1677 253 1808 321 βάρ-

117 346 279 411 βαροι
318 343 690 395 καθεδοῦνται
737 346 1003 410 γελῶντες
1047 342 1278 410 ἥδιστον
1325 340 1542 404 ἑαυτοῖς
1584 340 1808 394 πάντων

115 431 409 499 βλέποντες
454 432 772 500 θεαμάτων,
806 429 1077 499 ’Έλληνας
1122 433 1252 493 τοὺς
1299 431 1466 498 φύσει
1512 431 1809 499 πολεμίους

115 521 444 590 αἰσχρότατα
483 518 545 573 ἐν
576 519 794 582 ἑαυτοῖς
825 519 1254 589 φθειρομένους,
1285 517 1376 572 καὶ
1409 519 1482 581 ὡς
1513 518 1583 571 ἂν
1613 518 1809 582 τελέως

115 608 419 678 ἀμφότεροι
466 611 870 678 συντριβῶμεν,
916 615 1025 660 νῦν
1070 608 1172 677 μὲν
1216 608 1353 677 ὑμῖν
1401 608 1808 677 ὑποστήσονται

114 700 351 766 χρήμασι
397 698 749 766 συνάρασθαι
795 698 887 750 καὶ
926 706 1163 768 στρατῷ,
1209 695 1300 749 καὶ
1339 696 1649 765 τελέσουσι,
1702 705 1810 750 νῦν

116 786 179 839 δὲ
215 787 349 856 ἡμῖν
388 785 474 856 ἐφ’
519 787 674 856 ὑμᾶς.
734 786 819 840 51.
862 782 978 839 ἀλλ’
1023 786 1180 852 ὑμεῖς
1226 806 1311 854 γε,
1359 785 1429 854 ἢν
1468 794 1810 855 σωφρονῆτε,

116 875 620 944 ἀναμνησθήσεσθε
661 875 733 938 ὡς
778 883 886 929 νῦν
932 876 1161 943 πρώτως
1210 885 1323 927 τῶν
1360 875 1642 928 κινδύνων
1680 874 1811 927 ἀναη

117 963 309 1034 φέρειν
346 963 547 1034 ἤρξατο
587 965 620 1033 ἡ
654 962 848 1027 Ἑλλὰς
897 963 988 1017 καὶ
1039 965 1104 1016 οὐ
1154 965 1325 1017 καλὸν
1370 962 1504 1032 πρὶν
1541 962 1574 1031 ἢ
1619 973 1811 1032 σαφῶς

117 1052 432 1121 ἀνενεγκεῖν
486 1055 564 1116 εἰς
623 1052 916 1121 δευτέρους
961 1054 1210 1122 μείζονας
1254 1053 1631 1122 περιβάλλειν,
1680 1052 1811 1105 ἀνα·

116 1144 512 1210 μνησθήσεσθε
551 1139 613 1195 δὲ
652 1142 735 1195 ὅτι
774 1140 866 1194 καὶ
905 1142 1001 1204 τὰς
1048 1143 1292 1204 σπονδὰς
1336 1140 1424 1195 ἐπὶ
1471 1143 1811 1209 πεντήκοντα

115 1231 280 1294 ὅλους
321 1231 608 1294 ἐνιαυτοὺς
647 1232 1019 1299 πεποιήμεθα,
1069 1229 1156 1299 ἐφ’
1203 1223 1246 1302 ᾦ
1284 1229 1374 1283 καὶ
1412 1231 1811 1300 πεντηκοντού-

117 1338 228 1382 τεις
278 1320 449 1382 αὐτὰς
495 1320 870 1388 ὠνομάκαμεν,
909 1320 1001 1372 καὶ
1041 1320 1297 1386 οὐδαμῶς
1335 1319 1556 1388 εὐσεβὲς
1605 1318 1739 1388 πρὶν
1777 1319 1809 1388 ἢ

115 1409 183 1461 τὰ
227 1407 393 1477 ἡμίση
451 1419 562 1462 τῶν
616 1408 939 1479 ὡρισμένων
986 1408 1124 1461 ε’τῶν
1170 1411 1499 1477 καταλαβεῖν
1557 1407 1812 1478 συγχέειν

118 1497 319 1560 ταύτας
357 1503 673 1567 πειρᾶσθαι.
729 1496 865 1550 ἀλλὰ
906 1499 1253 1567 Κορινθίους
1298 1496 1388 1550 καὶ
1434 1500 1565 1560 τοὺς
1611 1499 1812 1560 ἄλλους
1858 1519 1878 1551 5

118 1588 177 1638 οἳ
219 1587 560 1655 ταράσσουσι
613 1587 713 1654 τὴν
746 1583 982 1639 Ἑλλάδα
1036 1590 1225 1655 ληρεῖν
1279 1586 1472 1639 ἐάσατε
1519 1587 1592 1648 ὡς
1644 1582 1812 1654 ἔργον

118 1679 465 1744 πληροῦντας
518 1675 812 1743 βασκάνων
869 1676 1171 1743 δαιμόνων,
1225 1675 1451 1728 ἐκείνων
1504 1675 1609 1744 γὰρ
1664 1674 1811 1727 ’ίδιον

120 1773 236 1826 τοῖς
282 1773 394 1816 τῶν
434 1763 751 1833 ἀνθρώπων
789 1768 978 1826 καλοῖς
1018 1763 1355 1833 ἐπιφύεσθαι
1385 1765 1476 1817 καὶ
1507 1764 1813 1833 προφάσεις

117 1852 515 1921 ἀναμοχλεύειν
554 1850 626 1904 δι’
667 1847 746 1905 ὧν
785 1853 1122 1922 δυνήσονται
1162 1858 1240 1915 εἷς
1277 1872 1335 1906 τε
1365 1855 1464 1906 τὸν
1494 1851 1606 1905 κατ’
1650 1852 1811 1922 ἀλλή-

118 1946 232 1994 λων
277 1944 520 2010 πόλεμον
566 1939 847 2004 ἐξοπλίσαι
895 1940 985 1994 καὶ
1032 1943 1098 1995 τὰ
1145 1943 1284 1994 καλὰ
1321 1941 1668 2012 περιτρέψαι,
1711 1942 1812 2010 τὴν

117 2031 354 2099 ἡσυχίαν
394 2030 456 2083 δὲ
495 2030 567 2092 ὡς
606 2031 776 2098 μόνης
814 2031 1014 2098 ταύτης
1051 2033 1113 2084 τὸ
1145 2038 1303 2098 κοινῆ
1337 2030 1627 2100 συμφέρον
1658 2029 1811 2099 ἐχού-

119 2133 218 2187 σης
256 2118 593 2187 ἀγαπήσατε,
648 2119 722 2181 ὡς
773 2117 842 2171 ἂν
887 2119 959 2187 μὴ
1007 2122 1182 2185 μόνον
1227 2119 1390 2182 ὁσίως
1435 2120 1527 2172 καὶ
1572 2119 1811 2187 εὐσεβῶς

119 2207 252 2276 ἡμῖν
305 2205 397 2277 ἔχῃ
452 2208 519 2259 τὰ
572 2207 709 2275 πρὸς
768 2207 963 2275 θεούς,
1027 2206 1165 2260 ἀλλὰ
1218 2206 1309 2260 καὶ
1363 2212 1542 2270 καλῶς
1594 2207 1810 2275 γένοιτο

118 2293 318 2365 πρᾶξαι
372 2294 462 2348 καὶ
504 2294 822 2363 Ἀθηναίοις
868 2294 959 2347 καὶ
1008 2298 1484 2366 Πελοποννησίοις
1538 2295 1627 2349 καὶ
1677 2307 1810 2349 πᾶσι

119 2393 236 2446 τοῖς
261 2383 502 2453 ’Ἐλλησί

231 2471 317 2526 52.
373 2471 482 2525 Καὶ
537 2473 690 2542 ἡμεῖς
735 2473 837 2542 μὲν
890 2469 1019 2541 οὖν,
1074 2468 1116 2526 ὦ
1173 2474 1629 2542 Λακεδαιμόνιοι,
1684 2475 1810 2526 δοῦ-

120 2676 188 2720 Ch
240 2623 304 2730 12ξ
327 2617 469 2719 {hum
495 2617 538 2660 V
561 2623 632 2672 27,
652 2623 673 2660 1
814 2623 869 2662 18
900 2618 1021 2663 Plat.
1053 2618 1142 2676 leg.
1170 2618 1232 2662 XI
1262 2634 1306 2675 p.
1334 2623 1418 2661 937
1436 2618 1476 2661 D
1615 2623 1668 2662 19
1700 2619 1808 2662 Luc,

190 2689 254 2720 ar.

241 2814 265 2852 2
301 2808 491 2853 πάντων
523 2809 687 2865 scripsi
720 2824 744 2852 e
777 2811 820 2854 V
873 2796 1112 2861 :voivre-§Z
1137 2796 1274 2854 Schm
1397 2815 1450 2853 12
1484 2811 1581 2866 ἐφῶ
1599 2810 1695 2854 LV

125 2872 178 2911 16
210 2867 487 2923 ταράττουσι
521 2869 564 2911 V
703 2873 755 2911 17
800 2867 1067 2926 βασκαίνων
1093 2870 1137 2913 V
1275 2874 1327 2912 19
1360 2866 1465 2912 κατ’
1504 2870 1547 2912 V
1572 2869 1653 2913 sed
1684 2866 1724 2911 τ’
1761 2869 1808 2911 in

119 2940 198 2970 ras
228 2926 299 2970 m'
421 2931 476 2971 23
514 2925 633 2971 θεόν
667 2929 711 2972 V
824 2932 880 2989 24
912 2926 1295 2985 πελοποννησίοις
1329 2929 1373 2972 V
1397 2929 1478 2971 sed
1510 2944 1580 2978 οις
1610 2941 1711 2972 corr
1741 2927 1810 2970 m²

213 3009 408 3041 LmAxms
434 3009 746 3040 ed Foerster.
770 3009 825 3040 VI
1430 3006 1453 3044 6

1834 1074 1877 1105 10

1835 1962 1879 1994 20

1835 2405 1876 2438 25
