2010 3168
141 634 159 666 5

189 122 299 174 594
619 121 846 166 LIBANII
875 121 1266 166 DECLAMATIO
1297 122 1445 165 XXlX

187 258 288 325 τὴν
325 255 452 310 καθ’
498 258 726 326 ἡδονήν,
765 256 851 310 ἐπὶ
890 259 950 310 τὸ
990 256 1223 312 κώνειόν
1257 277 1350 326 μοι
1382 257 1693 327 βαδιστέον,
1732 259 1876 312 διότι

186 354 297 399 τῶν
335 345 460 415 περὶ
499 347 729 399 δεῖπνον
761 345 945 409 οὐδεὶς
990 347 1214 416 ἡγεῖται.
1277 346 1324 399 3.
1366 348 1414 400 εἰ
1453 347 1552 416 μὲν
1601 343 1705 400 οὗν
1754 341 1879 401 οἷόν

184 453 242 487 τε
287 430 358 503 ἦν
403 435 502 488 τὸν
546 437 825 506 τρόφιμον
869 433 1200 489 ἐπανελθεῖν
1247 435 1306 488 ἐκ
1350 444 1446 505 τῆς
1492 437 1636 503 ἄγαν
1676 437 1879 505 ταύτης

186 526 382 591 μανίας
421 522 508 576 ἐπὶ
546 524 646 577 τὸν
683 526 952 594 πρότερον
989 522 1081 577 καὶ
1122 526 1341 593 συνήθη
1381 525 1532 593 βίον,
1583 522 1696 577 ἔδει
1743 545 1873 593 καρ-

184 620 364 681 τερεῖν
401 610 493 665 καὶ
530 613 633 681 τὴν
670 614 979 681 μεταβολὴν
1018 612 1273 678 ἐλπίζειν·
1319 612 1505 682 ἐπειδὴ
1546 612 1592 666 δ’
1641 612 1877 676 ἀνιάτως

184 702 294 770 ἔχει
331 699 422 754 καὶ
463 699 648 764 οὐδεὶς
689 701 818 770 ἡμῖν
857 699 972 754 ἀντ’
1013 701 1228 755 ἐκείνου
1262 703 1517 770 φαίνεται
1550 701 1874 770 ἐπιτήδειος,

102 795 219 839 RIV
236 799 322 839 217
374 787 379 862 Ι
415 799 530 853 πῶς
562 789 678 843 ἐστι
710 791 914 859 βιωτὸν
946 789 1086 858 ἐμοῖς
1120 789 1237 844 ἀλλ’
1270 790 1518 859 ἀφέντες,
1539 791 1678 862 πρὸς
1708 796 1877 858 θεῶν,

118 1082 161 1112 10

118 1525 160 1557 15

184 880 282 933 τὸν
320 875 402 932 ἐπ’
441 877 562 948 ἐμοὶ
601 878 811 946 γέλωτα
849 887 958 932 νῦν
995 878 1086 932 καὶ
1127 880 1451 942 συνιδόντες
1488 880 1590 948 τὴν
1626 878 1740 932 κατ’
1785 876 1876 946 ἐμὲ

183 968 355 1037 τύχην
399 962 434 1039 ἧ
478 966 887 1038 περιπέπτωκα
912 969 1036 1021 δότε
1089 988 1186 1037 μοι
1239 977 1350 1021 τῶν
1399 969 1729 1021 λυπούντων
1774 969 1877 1036 τὴν

185 1056 506 1125 ἀπαλλαγὴν
544 1064 619 1128 τῷ
660 1057 886 1109 θανάτω
925 1060 1130 1125 λαβεῖν.
1171 1057 1221 1110 4.
1260 1055 1429 1110 πάλαι
1468 1077 1570 1126 μεν
1619 1053 1721 1110 οὖν
1759 1055 1874 1125 ἐγέ-

184 1149 297 1199 λων
335 1144 555 1199 ἀκούων
603 1145 687 1198 ὅτι
733 1112 998 1214 βούλεταί
1037 1166 1120 1209 τις
1167 1145 1477 1199 ἀποθανεῖν
1518 1147 1610 1198 καὶ
1650 1146 1877 1199 σπεύδει

183 1237 483 1304 προλαβεῖν
536 1235 598 1287 τὸ
653 1235 870 1297 πάντως
924 1234 1287 1304 ἀποκείμενον
1339 1233 1431 1287 καὶ
1488 1235 1613 1305 περὶ
1674 1235 1876 1287 τούτου

183 1326 434 1392 πρόσεισι
473 1330 538 1393 τῇ
578 1326 753 1394 βουλῇ
793 1322 884 1376 καὶ
924 1325 1085 1393 χάριν
1131 1326 1270 1377 αἰτεῖ
1316 1324 1451 1376 κατὰ
1491 1325 1621 1386 τοὺς
1671 1325 1877 1390 νόμους

184 1419 414 1466 τοιαῦτα
451 1414 764 1480 γίγνεσθαι,
805 1413 896 1465 καὶ
931 1415 1137 1481 μανίαν
1175 1413 1237 1464 τὸ
1269 1419 1489 1482 πρᾶγμα
1520 1412 1878 1481 ἡγούμην,.εῑ

186 1504 282 1569 ζῆν
320 1498 443 1564 ἐξὸν
481 1487 720 1579 αἱρεῖταί
753 1521 834 1564 τις
873 1501 1182 1554 ἀποθανεῖν
1212 1500 1303 1554 καὶ
1336 1501 1365 1554 ὃ
1397 1511 1512 1563 τοῖς
1546 1501 1877 1571 κακούργοις

185 1592 262 1652 είς
299 1589 568 1659 τιμωρίαν
607 1590 851 1657 ὥρισται,
890 1597 1055 1643 τοῦτο
1088 1588 1282 1658 κέρδος
1312 1609 1395 1652 τις
1427 1589 1637 1658 ἡγεῖται
1669 1592 1875 1657 λαβεῖν.

183 1678 351 1731 πάλαι
389 1678 489 1747 μὲν
530 1674 646 1738 οὖν,
674 1679 849 1741 οὕτως
887 1688 1058 1732 ταῦτα
1096 1676 1369 1746 ἐδόξαζον,
1409 1676 1537 1732 νυνὶ
1579 1674 1640 1730 δὲ
1680 1680 1875 1745 ἔγνων,

186 1766 258 1829 ὡς
296 1768 501 1835 μήποτε
541 1769 783 1834 ὤφελον,
835 1767 918 1820 ὅτι
957 1775 1118 1820 τοῦτο
1166 1769 1227 1820 τὸ
1274 1775 1373 1820 τοῦ
1425 1767 1677 1819 θανάτου
1723 1784 1873 1833 περι-

305 1888 332 1926 4
363 1883 483 1927 Plat.
518 1897 647 1928 conv.
674 1898 723 1939 p.
751 1884 890 1927 218ss
1013 1888 1038 1926 5
1070 1882 1190 1927 Plat.
1224 1882 1397 1926 Phaed.
1422 1898 1465 1939 p.
1496 1881 1632 1925 113ss
1756 1886 1782 1925 8
1815 1881 1872 1924 cf.

185 1957 229 2025 p.
257 1946 355 1995 587,
378 1947 453 1995 123
488 1947 588 1997 595,
607 1948 631 1985 2

309 2051 329 2088 1
365 2045 645 2102 καθηδονὴυ
669 2047 744 2090 La
866 2051 890 2090 2
923 2046 1003 2091 τὸν
1028 2047 1134 2091 HV
1187 2046 1273 2102 τὴν
1297 2045 1465 2090 LaMa
1508 2047 1513 2102 Ι
1558 2042 1655 2094 οἷός
1686 2045 1753 2087 Re

188 2110 211 2147 3
245 2103 473 2162 τρόφιμον
497 2105 574 2149 La
605 2105 685 2148 sed
720 2122 769 2160 ιμ
799 2106 848 2149 111
881 2119 954 2149 ras
985 2119 1020 2149 ‘n
1061 2107 1067 2161 Ι
1112 2105 1283 2162 ταύτης
1312 2104 1487 2148 inserui
1520 2118 1543 2147 e
1569 2105 1736 2148 LaMa
1798 2118 1871 2146 om

187 2165 243 2208 H
247 2165 326 2209 VO
355 2164 445 2207 edd
567 2169 592 2207 5
626 2162 821 2216 ἐλπίζειν
853 2165 1017 2220 scripsi
1049 2177 1074 2208 e
1098 2165 1174 2208 La
1235 2162 1513 2219 εὐτρεπίζειν
1539 2163 1766 2208 HVGMa
1791 2162 1871 2205 sed

185 2223 234 2266 in
265 2224 354 2266 hoc
379 2224 506 2278 εὐτρε
529 2223 578 2266 111
602 2222 648 2266 §a
672 2237 773 2266 corr
795 2223 864 2266 m2
867 2224 994 2276 edd
1021 2225 1027 2279 Ι
1056 2222 1248 2268 ἐπειδὰν
1273 2223 1340 2266 Re
1366 2223 1373 2280 Ι
1402 2221 1453 2266 δὲ
1480 2223 1569 2266 Μα
1596 2223 1602 2277 Ι
1630 2221 1875 2283 ἀδυνάτως

190 2283 278 2326 Ma
295 2282 407 2325 sed
393 2297 443 2325 1n
460 2281 663 2332 ἀνιάτως
681 2295 781 2325 con·
803 2283 872 2325 m‘-’
994 2287 1017 2325 7
1052 2282 1145 2326 ἔτιὶ)
1173 2285 1179 2338 Ι
1206 2282 1373 2340 βιωτὸν
1399 2282 1563 2337 scripsi
1588 2295 1692 2324 cum
1717 2279 1872 2324 Gaeda

247 2341 438 2399 βιωτέον
469 2340 579 2384 libri
611 2341 702 2385 edd
729 2343 735 2396 Ι
761 2345 890 2386 θεῶν
916 2343 991 2386 La
1022 2342 1104 2385 sed
1136 2357 1194 2386 εω
1225 2341 1274 2384 111
1297 2355 1371 2384 ras
1395 2355 1416 2384 ε
1594 2339 1652 2384 τὰ
1678 2341 1766 2384 Μα
1790 2339 1871 2382 sed

186 2400 236 2444 in
266 2400 348 2445 τὸν
381 2414 482 2444 corr
511 2399 580 2442 m²
607 2402 612 2457 Ι
642 2399 905 2450 συνιδόντες
938 2400 1102 2457 scripsi
1134 2402 1320 2443 auctore
1353 2400 1420 2443 Re
1483 2397 1740 2448 συνειδότες
1762 2396 1872 2440 libri

188 2459 278 2503 edd
414 2464 438 2502 9
472 2459 577 2503 δότε
602 2459 677 2503 La
708 2460 790 2502 sed
822 2460 1141 2517 συγχωρήσατε
1173 2472 1388 2515 suprascr
1410 2473 1432 2502 ,ς
1569 2462 1623 2502 10
1653 2456 1871 2501 πάλαι-

188 2522 287 2571 595,
306 2522 328 2560 1
364 2516 550 2574 εὐτυχές
588 2519 648 2561 ad
680 2532 835 2561 versus
867 2519 1134 2562 comoediae
1166 2518 1354 2563 Atticae
1384 2517 1635 2561 revocabat
1664 2515 1870 2559 Koekius

188 2577 311 2620 Com.
344 2578 440 2620 Ast
472 2577 527 2620 fr.
552 2577 616 2620 111
640 2581 723 2620 672
848 2583 900 2620 12
935 2579 975 2621 εἰ
1002 2579 1089 2622 Μα
1121 2577 1201 2621 sed
1233 2577 1281 2619 in
1313 2576 1392 2620 καὶ
1425 2590 1525 2619 corr
1554 2575 1623 2618 m³
1657 2577 1662 2631 Ι
1697 2574 1873 2619 τούτων

188 2637 331 2680 HMa
453 2641 506 2679 13
539 2636 566 2691 ἡ
599 2635 738 2693 βουλὴ
767 2638 854 2680 Μα
886 2637 967 2680 sed
998 2637 1046 2680 in
1077 2642 1131 2691 τῆ
1165 2637 1305 2694 βουλὴ
1338 2649 1437 2679 corr
1460 2634 1531 2677 m²
1555 2636 1562 2690 Ι
1590 2635 1737 2677 αἰτεῖν
1761 2634 1871 2677 Fert

306 2699 361 2738 14
401 2693 619 2750 γίνεσθαι
643 2695 786 2739 ΗΜα
930 2701 983 2738 16
1022 2712 1090 2745 τις
1128 2695 1302 2738 inserui
1332 2708 1358 2738 e
1392 2695 1470 2739 VO
1496 2694 1587 2736 Par
1618 2697 1729 2736 3017
1765 2707 1869 2735 cum

188 2753 490 2797 Boissonadio
515 2754 687 2797 Anecd
712 2753 775 2796 IV
803 2758 885 2796 349
947 2753 1017 2804 τίς
1039 2755 1183 2798 HMa
1244 2768 1320 2797 om
1337 2753 1412 2797 La
1437 2752 1526 2795 edd
1648 2756 1701 2794 17
1734 2748 1864 2794 ταῦ’τ

189 2812 280 2856 edd
329 2815 335 2867 Ι
385 2813 445 2862 ὡς
477 2814 586 2856 ante
618 2812 763 2869 ἔγνων
803 2813 912 2855 libri
951 2815 1142 2869 excepto
1173 2812 1262 2855 Par
1286 2817 1399 2855 3017
1434 2810 1732 2867 (Boissonade
1764 2809 1793 2852 1.
1806 2809 1868 2877 ’.1)

190 2871 278 2914 edd
341 2871 490 2914 delevi
518 2874 523 2926 Ι
551 2872 689 2915 νυνδὶ
713 2870 941 2927 μετέγνων
973 2871 1104 2916 Kock
1226 2875 1278 2915 18
1311 2886 1407 2922 πως
1438 2870 1733 2913 scribendum
1765 2864 1868 2912 coni

190 2930 256 2973 Re
290 2930 339 2972 ab
366 2931 567 2986 ,Βειεῖιῖί
590 2932 848 2975 οοπόεοιανα
874 2932 1015 2975 locum
1038 2945 1131 2975 non
1155 2931 1297 2983 habet,
1329 2943 1467 2986 quum
1492 2929 1752 2984 parasitum
1775 2941 1868 2972 non
