2010 3168
207 113 315 166 554
641 112 868 158 LIBANII
899 113 1286 158 DECLAMATIO
1318 113 1489 159 XXVII

205 249 278 312 ὡς
317 240 436 303 οἷόν
474 247 518 301 τ’
573 244 667 318 ἦν,
715 249 788 302 τὼ
835 249 1107 319 ὀφθαλμὼ
1154 250 1242 303 καὶ
1289 249 1518 321 προῄειν
1562 248 1736 320 μηδὲν
1782 260 1894 305 τῶν

206 338 267 392 ἐν
319 339 447 392 ποσὶ
501 343 778 406 καθορῶν.
833 339 900 392 οὐ
955 340 1058 408 γὰρ
1114 339 1424 409 ἠπιστάμην
1469 340 1542 402 ὡς
1595 340 1749 409 ὑμεῖς
1801 338 1894 410 ἐμὲ

204 429 381 495 μόνον
419 437 534 490 τοῖς
571 429 763 495 νόμοις
794 425 1126 497 ἀναγκάσετε
1157 432 1474 497 πείθεσθαι,
1513 427 1894 499 ἀγορανόμους

207 515 268 569 δὲ
313 514 403 569 καὶ
451 515 797 586 ἀστυνόμους
850 516 995 570 οὕτω
1049 525 1538 586 καταφρονοῦντας
1591 518 1774 572 αὐτῶν
1825 518 1892 572 οὐ

118 610 235 654 RIV
253 615 336 654 615
384 605 657 674 κολάζετε,
711 607 766 659 οἳ
818 613 1085 659 τοσοῦτον
1132 605 1398 675 νέμουσιν
1449 605 1753 676 ἐπιμελείας
1787 604 1794 678 Ι
1829 615 1892 678 τῇ

162 716 181 748 s
205 697 362 748 πόλει
403 694 539 747 ὥστε
580 696 772 762 λίμνας
811 695 939 757 ὅλας
980 694 1039 748 ἐν
1086 695 1222 765 αὐτῇ
1273 695 1603 749 συνεστάναι
1649 694 1740 749 καὶ
1781 695 1893 749 ὀλί-

206 790 380 846 σθους
420 776 560 836 εἶναι
600 791 695 853 τῆς
735 783 938 854 ἀγορᾶς
976 793 1274 854 πανταχοῦ,
1315 786 1392 847 εἰς
1435 784 1531 848 οὓς
1571 784 1892 855 ἀπροόπτως

205 872 455 942 ἐμπεσὼν
493 871 582 926 καὶ
622 874 697 926 τὼ
737 874 872 926 πόδε
911 870 1012 940 μὲν
1052 874 1374 942 ὑποσυρείς,
1421 882 1484 944 τῇ
1527 875 1794 944 βακτηρίᾳ
1832 871 1892 926 δὲ

206 962 307 1031 οὐχ
340 962 519 1031 εὑρὼν
551 960 940 1032 ἐπερείσασθαι
973 959 1183 1016 ἔλαθον
1214 963 1534 1015 καταπεσὼν
1565 960 1654 1016 καὶ
1685 964 1893 1025 πλατὺς

140 1072 182 1104 ιο
206 1052 379 1123 τούτῳ
419 1049 589 1119 γέλως
628 1053 939 1120 γενόμενος,
980 1052 1197 1120 οὔποτε,
1236 1053 1310 1120 μὰ
1341 1055 1472 1115 τοὺς
1502 1052 1688 1120 θεούς,
1727 1059 1891 1106 τοῦτο

206 1139 442 1203 ἐλπίσας.
515 1140 559 1192 7.
599 1141 737 1210 πρὸς
776 1138 939 1212 ἑτέρῳ
981 1137 1041 1193 δὲ
1080 1142 1178 1194 τὸν
1218 1149 1358 1194 νοῦν
1405 1139 1673 1210 ἐγενόμην
1719 1140 1891 1203 εὐθὺς

203 1230 497 1292 πεπτωκὼς
549 1227 640 1282 καὶ
695 1232 906 1298 μᾶλλον
966 1238 1065 1283 τοῦ
1126 1231 1411 1298 πτώματος
1466 1230 1767 1284 ἐδεδοίκειν
1819 1230 1891 1299 μὴ

206 1314 366 1381 οὗτος
406 1318 570 1382 αὐτὸς
607 1317 640 1387 ἢ
679 1329 790 1372 τῶν
827 1317 939 1372 κατ’
990 1318 1198 1388 ἀγοράν
1235 1339 1381 1382 τινες
1419 1320 1827 1389 προσελθόντες
1859 1317 1891 1386 ἦ

204 1416 358 1477 χεῖρα
390 1407 639 1478 ὀρέγοιεν
669 1407 702 1477 ἢ
735 1408 1117 1462 πυνθάνοιντο
1154 1408 1186 1461 ἃ
1218 1409 1466 1476 εἰώθασι,
1504 1409 1575 1477 μὴ
1608 1409 1669 1461 τὸ
1703 1406 1893 1470 σκέλος

139 1517 179 1550 15
206 1495 448 1565 ἐπλήγην
478 1495 509 1565 ἢ
543 1497 644 1565 τὴν
674 1501 828 1550 κλεῖν
858 1497 1129 1565 κατεάγην
1160 1496 1192 1565 ἢ
1226 1496 1526 1567 συνέτριψα
1557 1497 1659 1565 τὴν
1690 1496 1891 1565 ὀσφύν,

203 1582 396 1652 ἔμετον
435 1585 690 1655 ῥημάτων
727 1584 818 1639 καὶ
859 1585 1174 1654 ἐρωτήματα
1214 1579 1304 1638 οἷα
1344 1587 1413 1639 ἄν
1450 1605 1515 1655 με
1565 1592 1891 1656 παραχρῆμα

205 1672 462 1727 ἀπώλεσε.
526 1674 575 1727 8.
621 1676 682 1729 τὸ
739 1672 800 1728 δὲ
855 1675 921 1728 οὐ
965 1681 1231 1747 ,τοιοῦτον
1284 1671 1378 1744 ἦν,
1434 1673 1549 1728 ἀλλ’
1597 1670 1667 1743 ἦν
1717 1675 1890 1743 πολλὴ

323 1810 349 1849 3
382 1806 509 1849 Dem.
544 1821 587 1862 p.
615 1810 714 1860 735,
734 1811 788 1849 10
932 1810 958 1848 8
998 1806 1107 1849 Luc.
1140 1806 1314 1849 Anach.
1342 1810 1396 1848 27
1543 1810 1567 1849 9
1604 1805 1783 1864 [Basa]
1819 1819 1889 1862 ep.

205 1864 264 1908 ad
295 1864 396 1909 Lib.
423 1869 536 1909 1595
557 1865 628 1909 W.
662 1865 718 1909 of.
753 1865 913 1910 Thom.
946 1865 994 1908 M
1025 1880 1069 1921 p.
1097 1870 1196 1920 293,
1215 1870 1241 1908 4
1259 1865 1299 1908 R
1326 1866 1332 1922 Ι
1362 1864 1500 1922 Soph.
1535 1864 1585 1909 O.
1613 1864 1659 1909 O.
1686 1869 1770 1908 902

326 1988 381 2027 15
414 1985 522 2039 σῆαι
545 1986 671 2028 κλεῖν
696 1982 895 2041 γράφειν
919 1982 1108 2028 κάλλιον
1134 1981 1161 2040 ἢ
1187 1987 1347 2029 κλεῖδα
1364 1983 1433 2028 B'
1457 1984 1513 2028 cf.
1533 1983 1692 2027 Thom.
1710 1983 1772 2027 M.
1798 1998 1831 2027 s.
1850 1998 1889 2027 V.

326 2107 348 2146 1
391 2099 489 2153 οἶος
520 2104 564 2146 Β
627 2098 725 2152 οἷός
758 2103 823 2146 Re
866 2105 872 2158 Ι
914 2101 1194 2158 πορρωτάτω
1226 2103 1287 2146 τὼ
1322 2102 1550 2159 ὀφθαλμὼ
1586 2104 1647 2147 Μ
1690 2104 1696 2159 Ι
1738 2117 1828 2157 προ
1862 2101 1891 2156 ή

204 2177 273 2205 ειν
308 2163 376 2206 Va
407 2175 512 2205 cum
542 2175 617 2205 ras
652 2167 673 2204 1
708 2162 787 2205 litt
908 2168 933 2206 5
967 2161 1181 2206 κολάσετε
1222 2163 1284 2206 M
1314 2163 1319 2217 Ι
1371 2161 1415 2205 οἳ
1445 2162 1630 2218 reposui
1663 2175 1718 2205 ex
1743 2162 1801 2205 H
1806 2162 1889 2205 VB

212 2221 338 2266 VaG'l
399 2219 443 2265 οἱ
462 2222 524 2265 Μ
544 2220 635 2264 edd.
757 2226 782 2264 6
816 2222 894 2265 καὶ
923 2223 1032 2265 ante
1057 2218 1221 2277 λίμνας
1239 2223 1294 2265 M
1344 2221 1350 2279 Ι
1405 2222 1525 2279 „leyo
1547 2219 1724 2275 λίθους,
1750 2222 1886 2263 saxa“

203 2280 270 2324 Re
304 2282 354 2324 at
386 2280 442 2324 cf.
475 2295 518 2336 p.
547 2284 647 2334 560,
667 2284 720 2323 19
843 2285 866 2323 7
901 2286 1112 2338 πανταχῆ
1139 2281 1184 2324 Β
1305 2285 1329 2323 9
1364 2278 1635 2334 ἐρείσασθαι
1661 2279 1848 2324 ῘῙαΟῑΜ
1881 2279 1885 2337 Ι

205 2339 281 2383 ναὶ
315 2339 422 2390 τοὺς
451 2340 595 2390 θεοὺς
627 2341 734 2383 ansse
767 2341 846 2383 καὶ
880 2341 947 2385 Va
1078 2344 1131 2383 10
1163 2339 1307 2398 τούτῳ
1341 2338 1479 2396 γέλως
1510 2339 1675 2396 scripsi
1707 2354 1731 2382 e
1764 2339 1891 2382 VaCl

322 2396 462 2455 γέλως
491 2398 637 2456 τούτῳ
671 2400 729 2442 Η
734 2400 816 2442 VB
849 2399 940 2442 edd
976 2401 982 2455 Ι
1018 2397 1259 2454 γινόμενος
1285 2399 1337 2444 ΟΖ
1364 2401 1369 2455 Ι
1405 2398 1468 2454 μὰ
1497 2399 1607 2451 τοὺς
1641 2397 1784 2448 θεούς
1815 2411 1890 2441 om

214 2458 282 2501 Va
426 2463 477 2501 11
519 2456 789 2512 προσωτέρω
817 2458 870 2502 Οἱ
925 2461 930 2513 1
987 2458 1038 2502 δὲ
1070 2457 1234 2514 scripsi
1310 2464 1424 2515 γοῦν
1455 2456 1564 2502 libri
1597 2457 1688 2502 edd
1738 2459 1743 2513 1
1795 2457 1889 2514 ἐγε-

205 2515 353 2572 νόμην
385 2517 466 2561 τὸν
498 2523 613 2560 νοῦν
646 2517 789 2566 εὐθὺς
812 2518 1059 2562 BVaClM
1115 2517 1261 2567 εὐθὺς
1291 2515 1514 2573 ἐγενόμην
1545 2516 1626 2560 τὸν
1651 2523 1764 2560 νοῦν
1788 2516 1889 2559 Mor

325 2580 378 2618 13
418 2573 753 2629 προσελθόντες
792 2576 956 2632 scripsi
997 2590 1022 2620 0
1055 2576 1282 2620 VBVaM
1356 2575 1629 2626 ἐπελθόντες
1652 2575 1760 2619 HCl
1797 2574 1888 2618 edd

326 2639 380 2677 14
411 2642 567 2692 χεῖρας
594 2635 644 2680 Ol
703 2635 810 2685 τοὺς
841 2643 995 2692 χεῖρας
1021 2637 1083 2680 Μ
1129 2638 1133 2688 Ι
1178 2634 1207 2678 ἃ
1239 2634 1423 2691 reposui
1456 2649 1480 2679 e
1512 2634 1644 2678 libris
1705 2635 1766 2684 ὡς
1797 2633 1887 2676 edd

325 2698 378 2737 15
419 2694 478 2749 μὴ
507 2694 610 2738 HV
652 2697 658 2750 Ι
707 2693 791 2750 τὴν
831 2697 955 2738 κλεῖν
994 2693 1224 2750 κατεάγην
1260 2694 1527 2750 praemissis
1565 2693 1715 2737 verbis
1748 2695 1887 2747 κλεῖν,

205 2753 259 2795 οὐ
292 2755 463 2797 κλεῖδα.
497 2751 719 2811 Λιβάνιος
751 2752 800 2796 ἐν
831 2759 884 2809 τῇ
918 2753 1140 2805 δύσκολος
1164 2753 1331 2797 ὤλισθε
1361 2752 1518 2811 μελέτῃ
1546 2752 1661 2796 nibai:
1685 2751 1886 2795 Thomas

203 2811 428 2868 Magister
461 2826 494 2855 S.
521 2827 558 2854 v.
585 2814 710 2856 κλεῖν
741 2827 784 2868 p.
813 2816 913 2865 197,
933 2817 954 2854 1
974 2812 1015 2855 R
1042 2815 1047 2864 1
1077 2811 1227 2866 ὀφρὺν
1257 2813 1374 2856 ΟΖΜ
1491 2817 1543 2856 16
1576 2826 1686 2854 num
1720 2810 1885 2867 ἐσμὸνῖ

205 2869 261 2913 cf.
286 2884 331 2926 p.
350 2875 485 2926 525,7
550 2870 726 2926 ὅμαδον
751 2871 855 2914 coni
879 2870 1065 2914 Lobeck
1088 2870 1191 2928 Agl.
1220 2875 1303 2914 643
1354 2872 1360 2927 Ι
1411 2868 1480 2922 οἷς
1499 2871 1560 2914 Μ
1677 2874 1729 2913 17
1763 2869 1886 2913 ἀπώ-

203 2930 339 2972 λεσαν
366 2930 428 2973 Μ
450 2932 455 2986 Ι
482 2929 625 2985 πολλὴ
645 2929 697 2973 Ol
720 2929 801 2973 sed
827 2929 879 2986 λὴ
905 2943 959 2974 ex
983 2931 1035 2981 ὺς
1056 2943 1157 2974 corr
1173 2930 1242 2973 m⁸
