2010 3168
519 99 530 141 ἶ
553 107 619 151 IN
625 107 843 152 VECTIV
844 108 885 151 A
914 107 981 151 IN
1010 105 1364 151 AESCHINEM
1694 107 1799 160 195

110 249 294 315 λόγων
330 245 498 306 καλὰς
537 243 706 297 οὐδὲν
745 244 872 296 οὔτε
911 239 1065 296 εἶπεν
1112 243 1239 296 οὔτε
1286 241 1619 313 ἐφθέγξατο,
1665 244 1802 295 κατὰ

112 335 173 388 δὲ
209 344 321 387 τῶν
358 336 600 385 πολιτῶν
639 340 831 402 χρῆται
870 339 935 402 τῇ
973 331 1135 402 τέχνῃ
1175 334 1306 394 τοὺς
1345 332 1550 394 αὐτοὺς
1592 330 1802 384 ἀδικῶν

108 443 167 477 τε
203 420 294 476 καὶ
339 424 559 474 πείθειν
609 420 899 491 ἐπιχειρῶν
945 421 1019 483 ὡς
1065 421 1165 474 οὐκ
1211 421 1515 489 ἠδίκηνται.
1555 418 1651 473 εἴτ’
1697 416 1801 473 οὖν

110 511 339 580 ἀποροίη
387 512 594 578 λόγων,
643 510 716 572 ὡς
762 507 900 578 μηδὲ
947 509 1335 579 ἀναισχυντεῖν
1379 506 1523 579 ἔχων
1569 510 1662 562 διὰ
1699 509 1799 577 τὴν

108 600 473 669 περιφάνειαν
511 608 623 652 τῶν
662 598 1017 667 ἀδικημάτων
1056 597 1468 667 ἀποθνησκέτω,
1510 596 1616 652 εἴθ’
1659 597 1798 667 ὑπὲρ
1847 618 1865 650 5

108 689 252 742 οὕτω
315 689 516 741 δεινῶν
578 687 858 741 ἀποτείνοι
919 689 1120 755 λόγους
1180 683 1242 740 εὗ
1296 685 1800 757 μεμηχανημένους,

106 778 275 831 πάλιν
314 777 578 830 ἐντεῦθεν
618 776 929 830 ἁλισκέσθω
969 777 1185 846 κρύψας
1235 776 1297 829 ἐν
1343 785 1407 847 τῇ
1453 780 1661 848 πυλαίᾳ
1698 778 1802 846 τὴν

108 867 364 933 δύναμιν.

219 955 266 1008 6.
318 955 522 1023 Φεύγει
566 955 667 1021 μὲν
700 950 818 1008 οὖν
858 957 1125 1024 Αἰσχίνης
1172 955 1362 1008 οὑτοσὶ
1407 953 1499 1007 καὶ
1538 954 1571 1023 ἡ
1612 956 1799 1025 γραφὴ

106 1042 234 1097 καθ’
281 1042 403 1106 ἑνὸς
450 1043 809 1112 ἀπενήνεκται
858 1051 959 1096 τοῦ
1007 1052 1241 1114 σιγηροῦ
1287 1045 1634 1114 πυλαγόρου,
1682 1045 1800 1096 δια-
1826 1064 1868 1095 10

107 1133 336 1202 φεύγετε
376 1132 438 1186 δὲ
478 1132 610 1186 οὐδὲ
648 1133 821 1202 ὑμεῖς,
862 1130 904 1186 ὦ
946 1133 1144 1202 ἄνδρες
1183 1134 1455 1201 δικασταί,
1494 1133 1596 1201 τὴν
1628 1132 1801 1201 αὐτὴν

107 1223 303 1275 αἰτίαν.
342 1221 484 1290 ὑμᾶς
524 1220 572 1274 δ’
620 1222 791 1274 εἰπὼν
830 1222 928 1274 τὸν
968 1222 1146 1291 δῆμον
1177 1221 1337 1290 λέγω,
1377 1222 1579 1284 οἵτινες
1619 1221 1800 1291 ὥσπερ

107 1309 168 1363 ἐν
221 1308 380 1363 νυκτὶ
442 1311 532 1363 καὶ
589 1312 763 1382 σκότῳ
819 1311 920 1378 τὴν
982 1311 1288 1378 διάγνωσιν
1340 1317 1440 1363 τοῦ
1501 1312 1658 1373 ποῖός
1718 1330 1801 1373 τις

106 1398 331 1462 ἔκαστός
390 1398 506 1453 ἐστι
544 1409 656 1452 τῶν
700 1403 943 1452 πολιτῶν
989 1397 1299 1470 ἀφῄρησθε.
1353 1397 1444 1452 καὶ
1491 1398 1519 1452 6
1566 1400 1801 1468 χρηστὸς

108 1486 262 1552 ἔδοξε
314 1489 480 1551 κακὸς
532 1486 623 1541 καὶ
671 1488 700 1542 6
748 1489 1032 1558 μοχθηρὸς
1085 1487 1323 1557 ἐπιεικὴς
1374 1486 1466 1541 καὶ
1512 1487 1542 1541 6
1590 1488 1800 1550 δίκαιος
1824 1509 1865 1542 15

109 1578 352 1647 πονηρὸς
400 1575 490 1629 καὶ
532 1577 560 1631 6
609 1576 888 1645 βέλτιστος
934 1580 1294 1646 φαυλότατος.
1334 1573 1441 1630 εἷθ’
1490 1577 1518 1630 ὁ
1558 1573 1660 1645 μὲν
1699 1575 1802 1629 οὐκ

110 1666 354 1735 ἐνοχλῶν
391 1665 525 1732 ὑμῖν
569 1663 686 1718 οὐδ’
735 1663 1001 1735 ἐπιτιμῶν
1045 1665 1249 1735 ταχέως
1288 1665 1631 1736 ἀπέρριπται,
1671 1665 1700 1719 ὁ
1741 1665 1803 1718 δὲ

114 1754 119 1824 Ι
162 1756 379 1825 θρασὺς
424 1752 514 1807 καὶ
564 1755 752 1821 ἰταμὸς
797 1754 888 1807 καὶ
934 1753 1183 1808 ἀκόντων
1222 1754 1380 1823 ὑμῶν
1419 1753 1453 1807 ἃ
1491 1755 1622 1822 βού-
1668 1759 1890 1803 RHI399

111 1846 260 1895 λεται
310 1841 452 1906 ἕξειν
490 1842 746 1911 <αὐχῶν>
785 1845 1001 1910 ἔντιμος
1045 1843 1136 1895 καὶ
1189 1841 1358 1911 μέγας
1411 1841 1502 1895 καὶ
1556 1844 1803 1912 λαμπρὸς

232 1979 254 2017 1
290 1971 463 2030 οὔτ’(Ι)
491 1974 579 2017 Μα
700 1978 727 2016 4
767 1973 826 2030 μὴ
859 1973 911 2018 δὲ
936 1975 981 2017 Ρ
1038 1973 1098 2030 μὴ
1132 1970 1179 2017 δ’
1209 1974 1354 2018 ΗΜα
1415 1970 1527 2030 μηδ’
1554 1973 1623 2016 Re
1650 1975 1656 2030 Ι
1685 1973 1709 2017 ἔ
1736 1991 1801 2018 ων

111 2033 180 2077 Re
241 2032 360 2090 ἔχειν
391 2032 501 2075 libri
533 2032 635 2077 Mor
769 2038 794 2076 5
828 2029 926 2076 εἷθ’
957 2034 1045 2077 Μα
1118 2030 1232 2077 οὔθ’
1267 2032 1371 2077 Mor
1506 2037 1532 2076 6
1565 2034 1707 2078 ἀποτε
1730 2049 1801 2078 νοι

112 2091 278 2148 scripsi
309 2105 364 2135 ex
387 2093 585 2137 AthPH
610 2106 714 2136 cum
746 2092 957 2136 Iacobsio
989 2092 1102 2136 Lech
1126 2096 1210 2135 212
1274 2089 1509 2136 ἀποτείνει
1534 2093 1624 2136 Μα
1683 2093 1801 2136 ἀπο-

111 2149 276 2195 τείνων
321 2151 412 2194 edd
455 2151 537 2195 sed
580 2158 706 2207 „post
748 2149 1157 2208 μεμηχανημένους
1198 2152 1341 2195 deesse
1381 2151 1561 2195 videtwr
1604 2155 1800 2209 πειρῷτο

114 2210 413 2266 διαφεύγειν“
448 2210 516 2254 Re
651 2215 673 2253 7
708 2209 968 2255 ἁλισκέσθω
995 2212 1086 2255 Ma
1117 2211 1199 2254 sod
1231 2210 1243 2225 '
1275 2212 1324 2254 et
1354 2228 1389 2253 ω
1422 2209 1472 2253 in
1502 2223 1578 2254 ras
1608 2209 1678 2252 111²
1710 2213 1758 2254 ct
1788 2211 1799 2225 '

114 2283 252 2326 supra.
291 2285 308 2312 ι
347 2269 424 2313 del
460 2269 532 2312 111²
607 2268 927 2314 ἀναλισκέσθω
961 2270 1103 2314 AthP
1138 2269 1220 2314 sed
1258 2269 1308 2312 in
1346 2269 1435 2314 hoc
1473 2269 1533 2314 ἄν
1574 2283 1675 2313 eras
1712 2271 1758 2313 et
1786 2267 1799 2284 '

115 2341 254 2385 supra
285 2330 400 2385 α(2),
433 2329 492 2373 Η
517 2328 607 2372 edd
731 2333 785 2372 10
817 2327 1156 2386 ἀπενήνεγκται
1180 2331 1226 2374 Ρ
1347 2333 1399 2371 13
1431 2327 1567 2379 ποῖός·
1596 2345 1666 2378 τις
1697 2327 1802 2372 ἔκα-

115 2387 218 2437 στός
249 2387 343 2431 ἐστι
375 2387 539 2443 scripsi
600 2386 745 2439 πόσος
766 2386 836 2438 τίς
860 2387 1051 2439 ἕκαστος
1073 2386 1168 2432 ἐστι’
1190 2387 1300 2430 libri
1362 2385 1510 2444 ὁπόση
1540 2387 1673 2439 πόλις
1697 2387 1803 2432 ἑκά-

116 2459 195 2502 στη
228 2447 323 2491 ἐστι
353 2447 443 2490 edd
477 2446 557 2490 sed
589 2445 752 2497 ὁποῖος
782 2447 849 2497 εἰς
885 2446 970 2503 τὴν
1001 2445 1137 2491 πόλιν
1170 2445 1360 2496 ἕκαστός
1391 2447 1486 2491 ἐστι
1525 2447 1630 2490 coni
1660 2447 1729 2490 Re

115 2502 212 2556 οἶος
247 2512 302 2563 τῇ
341 2504 473 2550 πόλει
512 2504 702 2556 ἕκαστός
739 2506 834 2550 ἐστι
871 2506 1035 2550 Iacobs
1077 2506 1190 2550 Lect
1221 2511 1307 2549 212
1351 2506 1448 2549 Rev
1479 2510 1564 2549 426
1643 2503 1805 2555 ὁποῖός

114 2580 183 2614 τις
214 2562 404 2616 ἕκαστός
434 2566 528 2609 ἐστι
560 2564 704 2608 Cobet
735 2564 835 2610 Coll
868 2570 951 2608 271
1083 2570 1137 2609 15
1169 2562 1446 2615 κακίστατος
1467 2566 1562 2609 Ath
1611 2565 1617 2622 Ι
1666 2566 1747 2608 καὶ
1779 2564 1802 2608 ὁ

117 2619 298 2674 δίκαιος
326 2624 532 2679 πονηρὸς
562 2624 643 2668 καὶ
667 2623 691 2667 ὁ
715 2625 956 2682 μοχθηρὸς
979 2624 1182 2681 ἐπιεικὴς
1207 2625 1297 2668 Μα
1419 2628 1472 2667 17
1506 2622 1609 2668 οὐδ’
1641 2623 1803 2680 scripsi

117 2683 332 2726 exAthH
388 2683 497 2728 οὐδὲ
508 2683 643 2727 ΡΜα
665 2682 767 2727 Mor
829 2681 927 2727 οὔτ’
956 2683 1026 2727 Re
1053 2685 1059 2739 Ι
1088 2683 1581 2737 ἐπιθυμῶνΑἰῘιΗΜα
1606 2683 1663 2727 cf.
1689 2685 1721 2727 13.
1738 2682 1803 2726 IV

117 2744 217 2795 821,
234 2745 312 2795 223
344 2745 445 2795 823,
463 2746 518 2784 23
536 2741 578 2784 R
604 2743 610 2798 Ι
637 2740 810 2800 ταχέως
834 2742 998 2799 scripsi
1026 2743 1214 2786 auctore
1239 2741 1306 2786 Re
1367 2741 1539 2795 τάξεως
1570 2741 1679 2785 libri
1711 2741 1802 2784 edd

194 2825 208 2835 ι
237 2804 290 2842 18
315 2799 476 2856 ἰταμὸς
490 2801 572 2844 καὶ
586 2801 769 2855 θρασὺς
784 2801 853 2845 Re
880 2803 886 2858 1
914 2802 1024 2858 ὑμῖν
1040 2801 1108 2844 Re
1230 2805 1284 2844 19
1311 2799 1465 2859 ἕξειν],
1485 2815 1623 2858 „num
1641 2801 1802 2850 εἰπεῖν,

118 2871 181 2900 an
198 2857 333 2913 ἐρεῖν,
350 2873 414 2902 an
429 2860 619 2916 denique
640 2859 814 2915 ἐξεμεῖν
838 2861 998 2904 audax
1013 2863 1234 2905 evomere“
1250 2859 1318 2903 Rc
1378 2858 1504 2913 λέξαι
1529 2858 1707 2915 ἕτοιμος
1722 2859 1801 2902 καὶ

118 2913 258 2971 μέγας
281 2918 386 2960 coni
400 2917 562 2961 Iacobs
578 2918 691 2963 Lect
708 2924 791 2962 212
810 2918 906 2962 Rev
922 2923 1008 2962 426
1037 2921 1042 2975 Ι
1070 2919 1227 2975 αὐχῶν
1250 2918 1426 2962 inserui
1486 2931 1561 2962 om
1585 2918 1694 2962 libri
1711 2917 1802 2960 edd

1361 2992 1449 3034 13*
