2010 3168
187 188 292 242 658
650 188 879 232 LIBANII
908 188 1298 234 DEGLAMATIO
1329 189 1455 233 XXX

181 326 277 388 τὰς
330 325 601 394 ὑπεροχὰς
653 325 798 396 πάσῃ
851 324 1013 396 τέχνῃ
1066 327 1346 394 κολούετε,
1381 324 1513 394 -ἐγὼ
1561 323 1628 379 δὲ
1681 328 1868 396 ἄπειμι

181 415 327 484 παρὰ
373 416 504 476 τοὺς
552 416 799 482 πλείους,
855 413 985 485 παρ’
1029 408 1111 477 οἷς
1162 415 1264 468 οὐκ
1317 413 1432 468 ἔστι
1487 416 1690 484 χρυσὸς
1737 415 1867 468 οὐδ’

181 505 420 574 ἄργυρος
460 502 591 555 οὐδὲ
629 504 827 571 γείτων
866 504 1242 574 εὐπορώτερος
1279 503 1538 573 γείτονος.

297 670 320 708 1
347 664 557 709 Her.V11
574 667 680 719 10,6

296 819 317 857 1
360 814 571 858 κολούετε
604 812 768 868 scripsi
801 813 904 857 coll.
929 807 1091 858 Herjl.
1117 813 1146 857 1.
1171 816 1226 857 ut
1250 813 1354 857 coni
1378 813 1445 857 Re
1521 813 1714 858 κωλύετε
1752 812 1862 856 libri

176 874 265 917 edd
410 879 435 917 2
468 873 596 928 παρὰ
634 873 821 928 reposui
853 886 878 916 e
909 871 1044 916 libris
1075 873 1156 916 sed
1181 887 1207 916 e
1237 874 1343 928 περὶ
1375 887 1477 917 corr
1502 871 1676 917 Cl⁴Las
1698 874 1777 916 οὺ*
1813 875 1859 916 et

173 935 279 989 περὶ
311 934 359 976 in
392 946 526 990 marg
559 931 637 977 Vi²
697 933 814 988 πρὸς
845 931 935 976 edd
1057 938 1083 975 3
1109 932 1225 986 ,οὐδὲ
1252 933 1354 977 HV
1411 933 1495 976 οὐκ
1521 933 1684 977 MoVa
1738 968 1742 973 .

346 1444 835 1505 ADDENDA
882 1444 1001 1504 ΕΤ
1051 1433 1534 1505 OORRIGEN
1537 1444 1694 1504 DA.

284 1586 394 1647 Pag.
423 1593 448 1631 2
480 1587 509 1631 1.
535 1590 591 1630 23
623 1587 726 1645 lege
759 1591 851 1632 817
880 1601 964 1644 pro
996 1590 1087 1631 240

282 1647 357 1690 Ad
387 1661 431 1704 p.
460 1652 514 1690 16
546 1646 576 1691 l.
605 1651 658 1690 13
699 1647 785 1691 οὐκ
824 1646 892 1698 εἰς
929 1645 1112 1703 μακρὰν
1149 1645 1207 1689 cf.
1240 1645 1345 1690 Her.
1370 1645 1412 1688 II
1439 1650 1536 1700 121,
1556 1649 1582 1687 4
1615 1646 1662 1689 et
1692 1645 1734 1688 V
1768 1649 1851 1689 108

282 1705 355 1749 Ad
386 1721 430 1762 p.
457 1711 528 1761 41,
548 1710 603 1750 13
635 1706 703 1758 εἰς
734 1708 896 1750 Σοῦσα
935 1705 1016 1749 καὶ
1054 1700 1241 1760 Βάκτρα
1283 1704 1341 1748 cf.
1375 1703 1519 1749 etiam
1556 1719 1602 1761 p.
1630 1708 1698 1759 99,
1719 1709 1771 1748 11
1805 1706 1853 1748 θίᾶ

163 1765 271 1810 Her.
296 1765 360 1809 VI
384 1769 440 1809 94

281 1825 355 1867 Ad
374 1823 586 1882 Gregorii
603 1824 762 1881 Cyprii
779 1823 1056 1882 antilogiam
1076 1839 1121 1880 p.
1143 1828 1211 1878 79,
1229 1828 1285 1867 20
1311 1823 1369 1867 cf.
1387 1823 1533 1881 [Lys.]
1552 1822 1759 1879 epitaph.
1779 1827 1803 1876 ξ
1821 1827 1848 1866 4

255 1940 257 1942 -
280 1883 355 1926 Ad
385 1899 430 1940 p.
457 1889 527 1940 99,
547 1889 599 1927 11
634 1884 691 1929 cf.
725 1884 869 1928 etiam
899 1898 944 1940 p.
970 1888 1040 1938 41,
1062 1888 1115 1926 13
1148 1885 1194 1927 et
1225 1882 1332 1927 Her.
1357 1882 1421 1926 VI
1447 1887 1531 1926 119

280 1943 329 1988 P.
358 1947 440 1987 112
473 1945 568 1987 not.
595 1948 621 1985 2
653 1944 683 1987 1.
715 1942 800 1988 ult.
833 1943 957 2001 lege:
991 1943 1111 2000 quod

279 2003 353 2045 Ad
384 2018 430 2059 p.
458 2007 556 2058 148,
578 2007 631 2046 10
664 2002 720 2047 cf.
755 2002 898 2047 etiam
927 2017 973 2059 p.
1000 2007 1100 2058 388,
1122 2006 1174 2045 19

278 2062 353 2105 Ad
384 2077 429 2119 p.
457 2067 557 2118 171,
578 2067 631 2105 14
665 2061 720 2106 cf.
755 2062 898 2106 etiam
928 2078 975 2119 p.
1000 2065 1101 2116 402,
1120 2067 1145 2105 6

277 2122 351 2164 Ad
396 2121 741 2165 invectivam
786 2122 845 2166 in
883 2121 1220 2166 Aeschinem
1262 2120 1319 2164 cf.
1360 2119 1484 2164 locos
1532 2120 1591 2163 ab
1639 2119 1846 2163 Ioanne

159 2180 403 2236 Bielski,
437 2180 518 2237 qui
550 2180 609 2225 de
640 2195 696 2225 ea.
726 2181 959 2238 copiosius
993 2180 1203 2235 disseret,
1237 2179 1455 2224 collectos
1488 2179 1650 2223 hosce:¹

277 2241 350 2283 Ad
381 2256 426 2297 p.
454 2244 553 2296 192,
573 2245 598 2282 6
632 2240 690 2284 cf.
722 2240 851 2285 Dem.
885 2240 1006 2284 Phil.
1030 2240 1095 2284 III
1125 2255 1170 2296 p.
1198 2244 1297 2291 117,
1317 2243 1369 2282 21

277 2300 362 2343 Adv
380 2315 425 2356 p.
454 2304 552 2354 193,
574 2305 596 2343 1
616 2315 681 2355 sq.
715 2299 772 2343 cf.
806 2300 934 2344 Dem.
969 2299 1073 2343 fals,
1106 2299 1195 2356 leg.
1221 2313 1266 2355 p.
1294 2302 1393 2352 398,
1414 2302 1435 2341 1

274 2360 348 2402 Ad
380 2374 423 2415 p.
453 2363 624 2413 194,10
657 2359 713 2402 cf.
747 2359 876 2403 Dcm.
911 2358 981 2403 Ol.
1006 2359 1026 2402 Ι
1057 2374 1101 2415 p.
1130 2363 1168 2413 9,
1189 2362 1214 2400 6
1255 2359 1302 2403 et
1332 2371 1534 2414 prooem.
1567 2371 1610 2413 p.
1640 2361 1767 2412 1420,
1786 2361 1841 2400 26

274 2418 348 2462 Ad
379 2433 423 2474 p.
452 2422 551 2474 195,
573 2423 594 2460 1
629 2417 686 2462 cf.
719 2418 849 2462 Dem.
882 2417 986 2462 fals.
1018 2417 1109 2475 leg.
1143 2432 1187 2474 p.
1215 2422 1317 2471 406,
1337 2421 1389 2460 17

273 2478 347 2520 Ad
378 2492 423 2533 p.
451 2481 551 2532 195,
570 2481 595 2520 6
628 2477 685 2521 cf.
718 2477 850 2521 Dem.
882 2478 1077 2521 Androt.
1109 2492 1154 2533 p.
1182 2481 1281 2532 604,
1301 2481 1325 2519 6

272 2537 347 2580 Ad
377 2551 424 2593 p.
451 2540 550 2592 195,
569 2540 623 2580 12
656 2536 712 2580 cf.
745 2535 876 2580 Dem.
912 2551 1002 2580 cor.
1034 2551 1079 2592 p.
1106 2540 1206 2591 255,
1225 2540 1250 2578 5

272 2595 346 2638 Ad
377 2611 422 2652 p.
451 2600 548 2649 196,
569 2600 624 2639 10
657 2595 713 2639 cf.
748 2595 891 2640 etiam
921 2611 965 2653 p.
992 2599 1163 2650 422,10
1205 2596 1251 2638 et
1281 2594 1412 2639 Dem.
1446 2608 1536 2638 cor.
1568 2609 1611 2650 p.
1640 2597 1838 2647 275,11;

154 2653 258 2698 fals.
291 2654 380 2712 leg.
413 2670 457 2712 p.
485 2659 681 2709 361,17;
716 2659 912 2709 366,26;
947 2659 1119 2709 380,19

271 2714 345 2757 Ad
375 2729 420 2770 p,
449 2719 548 2768 196,
569 2719 622 2758 16
656 2713 712 2758 cf.
747 2714 892 2758 etiam
922 2714 1053 2758 Dcm.
1087 2712 1191 2756 fals.
1223 2712 1313 2770 leg.
1345 2727 1390 2769 p.
1417 2716 1516 2768 354,
1537 2716 1591 2755 28

269 2773 344 2816 Ad
375 2788 419 2829 p.
449 2778 546 2826 197,
566 2777 594 2816 4
627 2773 684 2817 cf.
718 2773 861 2817 etiam
892 2773 1021 2817 Dem.
1057 2786 1147 2816 cor.
1179 2787 1224 2828 p.
1250 2776 1351 2826 245,
1370 2776 1424 2814 14

270 2832 344 2875 Ad
375 2847 420 2888 p.
447 2837 546 2887 197,
566 2836 590 2875 9
624 2831 681 2876 cf.
716 2832 859 2876 etiam
890 2832 1020 2876 Dem.
1052 2831 1155 2875 fals.
1189 2830 1279 2887 leg.
1311 2846 1356 2887 p.
1383 2835 1483 2884 436,
1504 2835 1557 2873 19

230 2935 232 2937 ,
270 2889 343 2933 A'd
375 2906 419 2947 p.
449 2896 546 2945 198,
568 2897 592 2934 2
626 2891 684 2935 cf.
715 2891 845 2936 Dein.
878 2891 982 2935 fals.
1015 2891 1104 2947 leg.
1138 2905 1183 2946 p.
1210 2894 1311 2944 399,
1330 2894 1384 2932 23

269 2950 343 2993 Ad
374 2965 418 3006 p.
447 2955 546 3005 198,
565 2954 618 2994 13
653 2950 708 2994 cf.
744 2951 886 2994 eiiam
917 2950 1046 2994 Dem.
1081 2948 1270 2992 Zenoth.
1302 2963 1347 3004 p.
1375 2952 1474 2998 886,
1493 2952 1548 2991 28

269 3009 341 3051 Ad
373 3024 416 3064 p.
447 3013 587 3063 199,6
621 3009 678 3052 cf.
712 3009 772 3053 ad
803 3025 847 3065 p.
875 3013 974 3062 236,
995 3013 1048 3052 17
