2010 3168
958 371 1157 426 XXIII.

319 496 629 545 Declamatio
660 496 900 558 inscripta
927 489 1237 555 Ἐκδοθεὶς
1273 495 1545 566 Φιλίππῳ
1577 494 1896 560 Δημοσθέ-

209 589 316 634 νης
339 568 436 619 καὶ
460 567 711 633 ἀφεθεὶς
738 569 810 634 μὴ
836 568 1298 634 πολιτευόμενος
1322 570 1587 636 κρίνεται
1612 570 1899 639 δημοσίᾳ,

213 660 310 707 qua
349 645 706 692 Demosthenes
753 647 1018 707 postquam
1059 660 1088 692 a
1126 645 1360 707 Philippo
1408 644 1636 694 dimissus
1674 645 1896 694 Athenas

208 719 360 767 rediit
397 719 649 768 incusatus
683 718 814 780 quod
845 719 1199 782 rempublicam
1233 718 1390 767 denuo
1423 734 1672 782 capessere
1704 735 1897 768 recusa-

210 795 339 842 verit
379 808 429 842 se
462 793 682 842 defendit
693 787 750 860 1),
789 794 946 841 multo
978 794 1142 841 minus
1178 810 1329 858 quam
1362 793 1651 842 antecedens
1683 794 1898 858 gratiam

209 868 451 916 lectorum
487 867 615 915 iniit.
677 868 744 915 Et
780 883 954 916 revera
993 867 1287 916 declamatio
1335 883 1447 916 cum
1493 868 1724 916 universa
1770 884 1898 916 com-

210 942 471 1004 positionis
503 943 662 990 forma
692 941 1038 1004 imprimisque
1069 943 1246 1004 nimia,
1279 958 1434 1005 paene
1466 942 1692 1004 dixerim,
1722 943 1899 1005 putida

210 1033 373 1064 rerum
398 1016 704 1064 abundantia
715 1010 757 1083 2)
782 1032 812 1064 a
837 1017 1062 1080 genuinis
1088 1016 1253 1064 differt
1283 1019 1391 1064 tum
1421 1018 1498 1064 tot
1526 1032 1604 1065 res
1616 1009 1657 1082 3)
1683 1019 1732 1064 et
1763 1018 1898 1065 locu-

210 1090 370 1139 tiones
381 1084 425 1158 4)
458 1090 800 1153 imprimisque
842 1106 987 1140 voces
1027 1106 1057 1139 a
1095 1090 1304 1139 Libanio
1346 1091 1532 1139 alienas
1565 1091 1782 1153 exhibet,
1827 1093 1898 1153 ut,

334 1205 376 1260 1)
407 1202 509 1246 Hoc
541 1215 725 1259 quoque
751 1204 1079 1260 argumentum
1110 1202 1271 1246 fictum
1297 1204 1367 1247 est
1399 1216 1545 1259 aeque
1578 1204 1719 1258 atque
1747 1202 1899 1246 simile

213 1262 343 1305 cuius
384 1261 558 1306 mentio
591 1261 719 1306 facta
759 1263 830 1306 est
862 1262 919 1306 ab
953 1262 1128 1318 Apsine
1159 1262 1275 1307 rhet.
1309 1275 1498 1319 prooem
1547 1276 1584 1306 c.
1610 1267 1635 1305 2
1670 1261 1737 1306 ed
1764 1262 1898 1306 Walz

210 1321 279 1366 rh.
312 1336 379 1378 gr.
403 1323 437 1366 t.
463 1321 526 1364 IX
553 1326 655 1376 471,
672 1325 728 1365 25
761 1323 834 1378 (=
864 1322 934 1365 ed.
971 1321 1194 1378 Spengel-
1196 1322 1416 1366 Hammer
1447 1324 1478 1365 t.
1504 1321 1526 1364 I
1550 1326 1634 1365 222
1641 1323 1714 1379 ,8)
1747 1321 1770 1365 ὃ
1803 1326 1899 1378 Λη-

212 1380 445 1456 μοσθένης
483 1381 665 1437 κριθεὶς
702 1379 816 1438 μετὰ
855 1383 1150 1437 Χαιρωνειαν
1181 1380 1393 1439 ἀπέφυγε
1430 1381 1511 1426 καὶ
1543 1388 1728 1426 σιωπῶν
1758 1380 1899 1426 πάλιν

212 1437 432 1496 κρίνεται.

331 1501 375 1556 2)
409 1498 475 1544 Cf.
499 1514 546 1556 p.
565 1504 724 1556 393,73
757 1503 922 1555 396,11
942 1514 1008 1555 sq.
1034 1504 1203 1556 409,10
1221 1514 1311 1555 sq.;
1344 1503 1479 1555 411,1
1500 1514 1590 1556 sq.;
1615 1503 1716 1554 413,
1737 1504 1786 1543 11
1808 1513 1898 1556 sq.;

211 1563 298 1603 415
334 1563 357 1602 7
377 1573 443 1614 sq.

303 1595 314 1615 ³
332 1620 375 1675 3)
406 1618 630 1675 Exemplo
656 1617 750 1662 sint
773 1618 998 1662 Isocrates
1015 1618 1339 1662 Demosthenis
1356 1619 1632 1675 praeceptor
1647 1633 1689 1674 p.
1711 1621 1898 1672 393,113

219 1677 550 1722 Demosthenes
581 1677 631 1720 in
662 1678 912 1722 Arcadiam
945 1691 1157 1735 egressus
1187 1693 1231 1734 p.
1259 1682 1359 1732 396,
1379 1682 1454 1731 113
1496 1677 1634 1721 Solon
1671 1677 1722 1720 in
1752 1677 1899 1721 Phoe-

212 1737 315 1781 nice
340 1738 650 1780 commoratus
666 1752 710 1794 p.
730 1742 888 1792 416,63
915 1736 1249 1781 Themistocles
1275 1737 1333 1780 ab
1351 1737 1716 1780 Atheniensibus
1734 1738 1898 1792 captus

212 1812 256 1853 p.
283 1801 382 1851 402,
410 1802 456 1852 63
495 1795 753 1852 Aeschylus
801 1811 904 1840 cum
939 1796 1185 1853 Euripide,
1226 1796 1546 1840 Aristodemus
1588 1810 1693 1839 cum
1732 1795 1897 1851 Satyro

213 1855 431 1899 confusus
463 1871 506 1912 p.
533 1860 693 1910 419,63
727 1860 827 1910 430,
846 1861 893 1910 23
927 1854 1228 1900 Charidemus
1261 1853 1542 1912 φιλιππίζων
1574 1871 1616 1912 p.
1648 1859 1749 1910 428,
1769 1859 1838 1899 14.

333 1916 376 1971 4)
409 1914 585 1958 Harum
617 1915 807 1971 quidem
837 1929 1028 1959 numero
1061 1915 1356 1959 eximendum
1387 1917 1459 1959 est
1490 1914 1586 1972 ἅμα
1618 1929 1721 1958 cum
1759 1927 1901 1970 gene-

213 1974 308 2018 tivo
342 1975 656 2029 coniunctum,
689 1975 813 2031 quod
845 1975 1003 2031 Tycho
1027 1975 1284 2019 Mommsen
1309 1974 1450 2018 Beitr.
1476 1989 1512 2018 z.
1538 1973 1710 2030 griech.
1736 1973 1898 2030 Praep.

214 2049 259 2089 p.
285 2038 370 2077 503
404 2035 450 2077 et
480 2033 580 2090 ipse
620 2034 677 2077 de
716 2034 962 2078 authentia
1002 2034 1222 2078 dubitans
1254 2034 1447 2078 notavit.
1510 2033 1631 2077 Nam
1671 2046 1778 2077 vera
1809 2032 1900 2076 loci

213 2108 258 2149 p
277 2097 378 2148 412,
398 2097 450 2136 12
483 2092 624 2137 lectio
658 2095 748 2138 est:
783 2093 832 2150 ἐγ
836 2094 870 2137 ὼ
895 2093 948 2138 δὲ
971 2094 1116 2138 αὐτοῦ
1139 2099 1222 2138 τοῦ
1246 2093 1435 2144 πάθους
1459 2092 1554 2148 ἅμα
1579 2092 1657 2136 καὶ
1682 2095 1898 2149 λογισμοῦ

213 2151 385 2204 πολλὰς
408 2151 619 2209 ἀνάγκας
643 2153 790 2198 εἰπεῖν
815 2153 895 2196 καὶ
919 2154 1104 2211 γνωμας
1129 2153 1257 2210 ἔχων.
1321 2152 1411 2196 Sed
1440 2153 1531 2196 huc
1561 2151 1799 2208 pertinent
1830 2151 1899 2193 di-

214 2225 345 2255 versa
382 2209 701 2267 particulae
676 2228 704 2267 η
737 2212 1018 2269 significatio
1050 2227 1094 2268 p.
1123 2217 1222 2266 377,
1242 2216 1297 2255 20
1329 2213 1377 2255 et
1409 2215 1574 2265 378,1;
1618 2211 1761 2254 durae
1794 2224 1900 2254 con-

216 2270 507 2325 structiones,
539 2273 593 2314 ut
616 2286 660 2327 p.
688 2275 786 2325 391,
809 2276 861 2315 15
879 2285 945 2326 sq.
970 2271 1045 2316 vel
1075 2271 1203 2315 verbi
1235 2274 1358 2315 δοκῶ
1390 2286 1434 2327 p
1462 2275 1560 2325 379,
1580 2274 1635 2313 20
1666 2269 1740 2313 vel
1767 2268 1900 2322 ἄξιον

214 2344 259 2385 p.
284 2334 384 2385 416,
406 2334 460 2372 14
479 2344 545 2385 sq.
576 2330 651 2373 vel
683 2330 795 2386 ἐμοῦ
825 2328 1103 2387 θαυμαστόν
1139 2330 1232 2374 ἐστι
1263 2329 1323 2387 μὴ
1355 2329 1632 2385 προσιόντος
1661 2343 1705 2384 p.
1731 2333 1832 2383 417,
1851 2332 1899 2382 5,

216 2387 474 2444 ἐπιτήδειος
503 2389 620 2444 πρὸς
643 2390 690 2432 et
714 2389 778 2439 εἰς
800 2404 845 2445 p.
873 2394 972 2444 380,
993 2395 1038 2444 73
1072 2396 1224 2447 σιγᾶν·
1233 2389 1408 2446 σιωπὴν
1436 2404 1481 2445 p.
1508 2392 1687 2463 379,14;
1721 2386 1899 2443 ellipsis

214 2447 454 2520 participii
479 2447 725 2503 φθονήσας
754 2463 798 2505 p.
825 2453 925 2503 415,
946 2453 1021 2502 153
1054 2449 1193 2499 αὐτὸς
1224 2448 1296 2492 vel
1330 2447 1353 2492 ὁ
1394 2449 1445 2492 δὲ
1476 2461 1560 2504 pro
1593 2443 1727 2496 οὗτος
1757 2447 1817 2489 ad
1850 2444 1901 2496 ὃς

216 2506 306 2563 (vel
331 2503 467 2564 ὅστις)
492 2507 691 2550 relatum
714 2522 758 2563 p.
779 2511 879 2561 386,
899 2511 952 2550 13
971 2509 1018 2551 et
1043 2511 1142 2563 388,
1162 2511 1237 2562 14,
1270 2512 1371 2562 409,
1390 2512 1437 2561 9,
1461 2513 1700 2564 κιχρᾶνε
1716 2519 1899 2562 respon-

216 2579 316 2610 sum
340 2566 450 2610 dare
473 2581 516 2621 p.
537 2570 636 2620 411,
647 2569 695 2620 83
729 2563 983 2623 ἀνέχεινε
1000 2581 1045 2611 se
1068 2542 1256 2611 ret’inere
1279 2566 1363 2620 ib.3
1397 2566 1456 2623 μὴ
1480 2580 1563 2622 pro
1590 2565 1645 2610 οὐ
1671 2566 1718 2608 et
1741 2565 1902 2621 μηδεὶς

216 2639 299 2681 pro
340 2625 494 2675 οὐδεὶς
531 2600 736 2681 positum
774 2640 819 2681 p.
847 2630 946 2680 377,
965 2630 1012 2679 53
1053 2629 1154 2679 383,
1174 2630 1248 2679 133
1295 2631 1394 2678 412,
1415 2629 1440 2668 5
1481 2627 1528 2669 et
1560 2629 1607 2678 93
1653 2623 1898 2667 collocatio

216 2684 458 2728 verborum
490 2683 692 2728 insolens
731 2699 777 2740 p.
803 2688 902 2739 376,
921 2689 946 2727 2
980 2687 1028 2728 et
1061 2688 1107 2738 93
1141 2688 1241 2739 383,
1252 2690 1299 2738 6·
1324 2689 1423 2736 409,
1443 2688 1492 2738 53
1524 2683 1667 2726 mirus
1702 2696 1898 2739 praepo-

218 2742 439 2786 sitionum
470 2742 562 2787 ἀπὸ
589 2746 743 2799 (τριῶν
767 2742 949 2799 ἡμερῶν
973 2758 1016 2799 p.
1044 2748 1144 2797 401,
1159 2748 1207 2797 4,
1239 2747 1324 2787 411
1330 2746 1424 2800 ,13)
1457 2745 1504 2786 et
1534 2742 1624 2786 ὑπὸ
1650 2744 1709 2799 (Ρ.
1737 2746 1838 2795 406,
1856 2743 1898 2799 9)

216 2816 347 2855 usus3
393 2815 528 2846 voces
566 2801 785 2846 insolitae
824 2802 985 2857 quales
1025 2801 1299 2858 κρεανομίαι
1337 2818 1382 2858 Ρ.
1409 2806 1509 2856 398,
1527 2806 1575 2855 5,
1623 2801 1898 2857 στηλιτεύειν

218 2875 261 2916 Ρ.
280 2865 380 2915 404,
393 2865 417 2903 3
436 2863 484 2905 et
500 2865 547 2914 4·
581 2862 833 2919 ἀφηβηκώς
855 2876 899 2916 Ρ.
919 2865 1019 2916 413,
1030 2866 1069 2905 8.
1125 2861 1363 2904 Plutarchi
1387 2860 1604 2904 notitiam
1630 2873 1748 2915 quae
1774 2860 1898 2915 apud

220 2897 465 2963 Libanium
497 2920 664 2964 saltem
695 2935 858 2976 parum
898 2923 1024 2965 certa
1056 2923 1148 2976 est,
1184 2935 1228 2975 p.
1255 2925 1353 2974 414,
1373 2924 1398 2963 8
1431 2919 1671 2964 ostendere
1703 2919 1897 2962 videtur.
