2010 3168
899 648 1046 702 XIII.

130 785 212 837 Οἱ
239 785 677 837 Ποτιδαιᾶται
710 783 1006 851 ἀλλήλων
1038 783 1391 851 ἐγεύσαντο
1423 784 1818 850 πολιορκού-

126 892 310 940 μενοι
351 873 473 926 ὑπὸ
519 883 646 926 τῶν
683 871 1059 941 Ἀθηναίων.
1109 871 1215 925 καὶ
1256 874 1600 941 κρίνονται
1640 871 1820 939 Ἀθη-

329 971 506 1015 ναῖοι
545 962 667 1015 ὑπὸ
708 971 833 1015 τῶν
873 964 1261 1029 Κορινθίων
1302 961 1618 1030 ἀσεβείας.

652 1082 1040 1149 Κορινθίων
1081 1082 1284 1148 λόγος.

244 1200 290 1252 l.
331 1200 523 1253 Πολλὰ
556 1198 1022 1268 ἐβουλευσάμεθα,
1061 1195 1103 1252 ὦ
1137 1199 1336 1266 ἄνδρες
1360 1197 1639 1267 ’Ἑλληνες,
1686 1201 1808 1247 RIV
1825 1207 1910 1248 348

126 1286 252 1358 περὶ
291 1297 403 1341 τῶν
443 1287 504 1341 ἐν
543 1289 818 1359 Ποτιδαίᾳ
855 1297 1038 1341 κακῶν
1083 1285 1178 1340 εἴτ’
1225 1286 1544 1351 ἐπεξελθεῖν
1586 1288 1669 1340 δεῖ
1706 1295 1823 1350 τοῖς
1869 1310 1890 1342 e

128 1379 323 1439 αι’τιόις
377 1377 561 1430 αὐτῶν
615 1377 720 1430 εἴτε
775 1376 866 1430 καὶ
927 1379 1365 1446 καρτερήσαντας
1426 1377 1527 1444 τὴν
1587 1376 1824 1446 ἡσυχίαν

251 1553 311 1598 Cr
371 1575 427 1590 =
453 1552 609 1597 Codex
639 1551 1093 1609 Hierosolymitanus
1127 1551 1169 1596 S.
1197 1551 1355 1596 Crucis
1382 1557 1435 1595 57

248 1612 301 1655 H
370 1634 425 1650 =
450 1612 902 1668 Hierosolymitanus
935 1611 978 1655 S.
1006 1610 1215 1668 Sepulcri
1243 1615 1324 1655 107

259 1672 303 1717 V
368 1694 424 1709 =
453 1672 707 1716 Vaticanus
740 1686 806 1729 gr.
833 1676 919 1715 940

250 1731 310 1775 Μ
368 1753 423 1768 =
448 1731 712 1775 Marcianus
743 1746 811 1789 gr.
837 1735 923 1774 439

251 1791 297 1834 Β
370 1813 425 1827 =
452 1790 731 1835 Barberinus
754 1789 797 1834 Π
819 1796 874 1834 41

259 1850 317 1892 Vi
371 1872 426 1887 =
451 1849 824 1894 Vindobonensis
858 1849 1029 1894 Philos.
1064 1852 1111 1893 et·
1142 1849 1310 1893 Philol.
1336 1849 1399 1892 IV
1426 1853 1481 1892 82

253 1910 341 1954 Μα
370 1930 426 1946 --
451 1909 741 1954 Matritensis
773 1913 904 1961 4679,
941 1908 1054 1953 olim
1086 1908 1223 1952 N-49

253 1968 306 2013 01
370 1990 425 2005 =
452 1968 760 2013 Berolinensis
793 1983 860 2026 gr.
890 1972 987 2023 195,
1021 1967 1131 2012 olim
1165 1967 1551 2012 Claromontanus

255 2122 278 2160 1
318 2117 380 2160 Τὸ
412 2117 566 2171 παρὸν
604 2124 697 2161 τῶν
728 2118 1060 2161 Ποτιδαιατῶν
1098 2115 1272 2173 ζήτημα
1314 2115 1358 2160 οἱ
1397 2114 1482 2172 μέν
1523 2130 1668 2172 φασιν
1704 2111 1826 2160 εἶναι

133 2173 437 2232 ἀντέγκλημα,
468 2183 566 2226 τοῖς
597 2176 648 2221 δὲ
681 2175 839 2228 ἔδοξεν
871 2175 1021 2220 εἰπεῖν
1045 2175 1321 2231 μετάστασιν
1345 2175 1407 2226 ὡς
1431 2176 1582 2231 δῆθεν
1606 2177 1828 2232 μεθιστα-

134 2234 277 2293 μένου
307 2242 390 2279 τοῦ
422 2234 711 2293 ἀσεβήματος
742 2235 807 2286 εἰς
837 2234 919 2279 τὸν
951 2233 1165 2292 πόλεμον.
1206 2235 1287 2279 καὶ
1326 2235 1658 2291 μεταστατικὸν
1691 2234 1740 2278 ἐν
1770 2239 1824 2291 τῇ

134 2293 293 2352 μελέτῃ
326 2294 469 2353 ταύτῃ
501 2294 760 2350 κεφάλαιον
792 2292 942 2338 ἐκεῖνό
975 2308 1121 2350 φασιν
1154 2290 1276 2338 εἶναι
1306 2294 1358 2337 τὸ
1391 2292 1534 2344 οὕτως
1557 2291 1693 2350 (οὕτω
1721 2294 1826 2347 Ma)

133 2351 284 2409 λέγον·
335 2360 440 2397 ποῦ
488 2351 534 2397 δ’
580 2354 814 2412 ἐγχωρεῖ
855 2353 952 2397 τὸν
998 2352 1246 2409 πόλεμον
1292 2352 1713 2456 προὲβαλέσθαη
1753 2355 1826 2408 (=

134 2426 178 2468 p.
200 2414 354 2468 25,18)
380 2412 499 2469 πλὴν
522 2416 586 2473 τῷ
606 2410 705 2468 μετ’
726 2411 976 2470 ἐπιστήμης
999 2410 1142 2456 εἰδότι
1167 2415 1369 2467 διαιρεῖν
1417 2426 1541 2457 νεστι
1564 2410 1624 2467 μὴ
1651 2413 1827 2467 σφαλῆ-

136 2487 215 2514 ναι
239 2478 319 2528 τῆς
343 2470 569 2527 ἀληθείας
598 2474 707 2516 ante
738 2471 1094 2528 inscriptionem
1119 2472 1181 2514 M
1209 2473 1256 2515 et
1286 2471 1335 2514 in
1367 2484 1500 2528 marg
1528 2469 1638 2514 Ma'

258 2625 280 2662 1
306 2616 432 2675 ’Ἀλλη
465 2618 637 2676 μελέτη.
675 2617 857 2674 Θεωρία
890 2620 1000 2663 ante
1036 2618 1094 2663 Οἱ
1127 2618 1218 2662 edd
1288 2618 1439 2663 delevi
1474 2623 1479 2674 Ι
1517 2621 1830 2663 Ποτιδαιᾶται

139 2677 303 2734 scripsi
363 2678 663 2723 noudmo'cwt
694 2678 805 2721 libri
829 2680 1099 2722 constanter
1159 2677 1443 2722 Ποτιὸεάται
1467 2677 1559 2720 edd
1681 2680 1705 2719 3
1738 2683 1830 2720 τῶν

137 2733 312 2781 inserui
351 2751 377 2782 e
409 2738 469 2781 Μ
478 2737 686 2782 ViMac'l
761 2751 836 2781 om
863 2738 1071 2783 GrHVB
1110 2737 1201 2780 edd
1252 2739 1257 2792 Ι
1308 2734 1522 2794 ἀσεβείας
1555 2737 1611 2781 Vi
1649 2735 1731 2779 sed
1770 2752 1830 2779 αν

139 2807 280 2850 supra
303 2813 357 2844 ας
381 2795 451 2839 m¹
570 2801 597 2839 4
621 2794 896 2852 Κορινθίων
920 2794 1054 2853 λόγος
1077 2810 1152 2840 om
1176 2795 1535 2841 OrHVBMaOl
1654 2799 1680 2838 5
1707 2793 1830 2850 ἔλλη-

140 2867 216 2903 νες
245 2854 295 2897 in
324 2868 401 2898 ras
429 2855 539 2900 Ma⁸
667 2860 692 2898 6
723 2862 821 2905 τοῖς
847 2856 935 2899 Ma
967 2854 1050 2898 sed
1081 2862 1151 2905 οῖς
1180 2855 1228 2898 in
1260 2867 1336 2898 ras
1368 2854 1438 2896 m³
1571 2858 1594 2896 7
1627 2853 1737 2897 inde
1770 2852 1829 2895 ab

139 2910 337 2969 ἡσυχίαν
368 2912 500 2969 ἄγειν
531 2913 734 2969 plurima
765 2913 814 2956 in
841 2914 902 2958 Gr
933 2914 1101 2957 abrasa
1133 2916 1242 2957 sunt
