2010 3168
496 131 563 174 ΙΝ
566 131 692 176 VIDI
723 130 793 175 SE
824 130 1203 175 DEFEREN'I'IS
1236 130 1460 176 ORATIO
1724 130 1829 183 647

138 287 252 321 των
298 266 715 336 ἀγανακτήσεως
760 267 1000 336 ἀφαιρεῖ.
1047 266 1182 320 ὅταν
1221 264 1271 319 δ’
1315 265 1586 336 ὑπηρέτης
1631 267 1712 320 ὤν
1748 286 1833 330 τις

139 356 233 409 καὶ
260 356 460 424 μηδεὶς
489 356 832 425 μηδαμόθεν,
869 355 1066 420 ἄδοξος
1098 353 1151 418 ἐξ
1192 353 1421 423 ἀδόξων,
1453 354 1666 409 ἀνελὼν
1703 357 1834 418 τοὺς

141 447 346 513 νόμους
385 443 586 515 ἐλαύνῃ
625 447 758 507 τοὺς
788 445 962 498 αὑτοῦ
993 445 1293 513 βελτίονας,
1327 442 1473 498 τοῦτ’
1511 445 1617 513 ’ἤδη
1649 452 1832 497 πᾶσαν

136 533 316 602 ὀργὴν
354 532 571 586 ἀπαιτεῖ
608 531 699 586 καὶ
733 533 931 602 λύπην,
969 531 1061 586 καὶ
1094 532 1244 595 ὅστις
1276 532 1595 601 ἐλευθερίας
1634 531 1831 586 ἐπιθυ-

137 625 325 691 μητής,
364 617 527 685 οὗτος
563 623 654 675 καὶ
693 627 963 690 τελευτῆς.
1024 621 1110 674 52.
1149 629 1407 693 τοιοῦτον
1446 622 1515 690 δή
1553 641 1607 675 τι
1645 620 1737 675 καὶ
1767 622 1830 675 τὸ
1878 644 1898 676 ⁵

135 719 251 764 τῶν
294 715 593 764 πλουσίων.
648 712 849 764 οἰκίαν
874 731 958 774 τις
1004 707 1065 764 εὖ
1113 709 1426 779 φερομένην
1475 713 1830 780 παρείληφεν.

136 799 240 852 οὐκ
279 798 566 869 ἀφόρητόν
604 820 699 869 μοι
736 807 900 853 τοῦτο
939 798 1147 868 γέγονε.
1186 797 1534 867 πεπλούτηκέ
1569 818 1654 862 τις
1691 796 1829 869 ὑπὲρ

126 891 269 951 τοὺς
305 891 547 952 πολλοὺς
585 888 855 958 ἐξαίφνης.
903 891 1001 951 τίς
1046 887 1363 953 ἀνέξεται;
1411 891 1597 958 μεῖζον
1634 890 1831 941 τοίνυν

135 975 328 1047 ἕτερον
381 979 460 1040 εἰς
511 978 573 1031 τὸ
629 979 748 1031 δεῖν
802 977 1091 1047 ἀπελθεῖν;
1143 977 1369 1046 εὐπορεῖ
1420 996 1503 1040 τις
1555 975 1830 1046 ἐξαίφνης.

134 1068 325 1135 πόρρω
364 1085 474 1120 που
513 1069 854 1135 κατοικείτω,
901 1067 1116 1136 μακρὰν
1155 1067 1483 1119 εὐπαθείτω.
1521 1067 1592 1134 μὴ
1633 1066 1830 1134 γείτων
1854 1087 1897 1121 ιο

133 1157 293 1222 ἔστω,
329 1157 403 1224 μὴ
441 1158 678 1224 πλησίον
723 1156 998 1223 τρυφάτω.
1046 1155 1119 1222 μή
1164 1175 1274 1222 μου
1321 1157 1452 1217 τοὺς
1498 1154 1831 1224 ὀφθαλμοὺς

134 1243 167 1297 ὁ
206 1248 444 1307 πλοῦτος
483 1245 560 1307 εἰς
599 1244 769 1298 αὑτὸν
809 1242 1021 1298 ἑλκέτω.
1061 1244 1149 1296 53.
1189 1242 1218 1296 ὁ
1252 1244 1408 1296 δεῖνα
1436 1244 1622 1300 πολλοὶ
1643 1263 1829 1312 κεκτη-

133 1331 301 1401 μένος
340 1339 529 1404 μακρῷ
567 1353 643 1405 τῳ
684 1332 967 1402 διέστηκεν
998 1332 1148 1399 ἐμοῦ.
1188 1339 1419 1402 κοῦφον.
1462 1332 1550 1384 δεῖ
1575 1351 1702 1385 τινα
1731 1333 1830 1386 τὸν

133 1420 475 1490 ἀγγέλλοντα
534 1421 799 1490 γενέσθαι
867 1420 958 1474 καὶ
1021 1420 1238 1484 διδάξαι
1306 1421 1398 1473 καὶ
1453 1421 1827 1489 διηγήσασθαι

133 1511 238 1578 τὴν
275 1512 616 1579 περιουσίαν.
656 1511 911 1579 ἀμυδρὰν
950 1512 1058 1580 ἔχει
1096 1511 1163 1563 τὰ
1202 1507 1313 1562 ὦτα
1351 1511 1452 1578 τὴν
1491 1509 1694 1578 λύπην,
1734 1510 1827 1563 διὰ
1851 1530 1893 1564 15

261 1676 287 1714 2
330 1671 459 1715 Arist
490 1687 559 1727 eq.
589 1676 686 1715 158.
734 1671 840 1714 Eur.
874 1671 970 1714 Ion.
996 1675 1082 1714 594
1228 1674 1282 1714 10
1324 1670 1433 1714 Her.
1465 1670 1508 1713 Π
1534 1674 1699 1724 133‚2;
1741 1674 1827 1714 174

132 1729 193 1773 cf.
212 1729 333 1774 Guil.
351 1730 547 1775 Werner
563 1732 620 1775 de
638 1731 824 1775 Libanii
842 1730 1010 1774 studiis
1030 1729 1306 1774 Herodoteis
1332 1745 1376 1786 p.
1390 1733 1444 1772 57
1569 1735 1622 1773 15
1641 1729 1683 1772 H
1686 1743 1747 1774 er.
1765 1729 1826 1774 18

256 1869 278 1906 1
312 1864 509 1918 ὑφαιρεῖ
529 1866 574 1908 Β
635 1863 827 1919 ὑφαιρει
852 1866 936 1908 Mo
979 1864 985 1917 Ι
1026 1880 1069 1907 τι
1099 1865 1208 1920 post
1239 1863 1435 1919 ἀφαιρεῖ
1463 1862 1588 1907 inser
1621 1862 1712 1907 Va²
1738 1864 1744 1919 Ι
1772 1863 1824 1907 δὲ

134 1923 439 1969 ΡΜΕαῩιΟΖ
450 1924 519 1968 Va
557 1922 648 1966 edd
697 1924 705 1980 Ι
754 1920 819 1966 ὢν
856 1921 927 1974 τίς
949 1923 1202 1968 HLaViGl
1344 1926 1369 1965 2
1413 1922 1493 1966 καὶ
1531 1923 1640 1965 ante
1679 1923 1826 1978 μηδα-

131 1980 285 2039 μάθεν
314 1983 368 2027 Vi
488 1987 514 2025 3
541 1982 707 2026 ἑαυτοῦ
734 1983 796 2026 M
803 1983 872 2026 Va
932 1982 1077 2026 αὐτοῦ
1101 1981 1271 2038 reliqui
1294 1980 1404 2024 libri
1428 1981 1519 2024 edd
1547 1983 1553 2038 Ι
1581 1979 1827 2032 καλλίονας

135 2042 241 2086 HV
284 2043 290 2097 Ι
338 2038 464 2085 τοῦτ’
504 2042 562 2086 Vi
590 2041 673 2085 sed
703 2038 799 2085 τότ’
834 2041 881 2084 in
914 2055 1049 2115 marg
1078 2040 1147 2084 m²
1207 2048 1343 2085 τοῦτο
1379 2041 1447 2084 Va
1579 2046 1607 2083 4
1639 2041 1829 2084 ἀπαιτεῖ

144 2101 202 2145 Vi
231 2100 313 2144 sed
343 2099 460 2155 τήσα
491 2115 632 2157 supra
661 2107 733 2144 τεῖ
759 2099 829 2143 m'
869 2102 875 2153 Ι
926 2098 977 2151 ὃς
1001 2101 1106 2145 HV
1221 2105 1246 2143 5
1278 2117 1323 2143 τι
1353 2114 1428 2143 om
1462 2101 1519 2143 Vi
1577 2115 1646 2142 τοι
1679 2099 1782 2144 Mor
1814 2099 1822 2158 Ι

132 2160 214 2203 καὶ
245 2173 321 2203 om
345 2161 391 2204 P
509 2165 534 2203 6
567 2159 627 2215 δή
655 2163 764 2216 post
786 2158 940 2204 οἰκίαν
967 2161 1051 2204 Mo
1078 2162 1084 2213 Ι
1111 2157 1180 2210 τίς
1204 2159 1498 2204 HPLaViGl
1524 2161 1530 2210 Ι
1558 2161 1606 2202 et
1629 2162 1655 2201 8
1680 2173 1824 2214 punc-

130 2221 234 2262 tum
250 2219 385 2275 posui
445 2219 630 2293 signum
645 2219 1028 2294 interrogationis
1046 2219 1272 2263 VBMLa
1283 2218 1396 2263 Vioz
1407 2218 1473 2261 Va
1490 2217 1581 2261 edd
1643 2231 1824 2262 comma

136 2279 321 2323 HMoP
438 2283 464 2322 8
488 2276 558 2330 τίς
580 2277 791 2332 ἀνέξεται
800 2279 831 2337 3]
850 2279 935 2323 οὐκ
960 2276 1181 2333 ἀνέξομαι
1208 2278 1412 2322 MoPLa
1427 2277 1535 2321 ViOl
1558 2277 1676 2320 sed
1662 2292 1712 2320 in
1735 2277 1823 2321 hoc

130 2335 203 2387 τίς
234 2336 444 2390 ἀνέξεται
475 2351 704 2394 suprascr,
736 2339 784 2382 et
814 2354 869 2394 γρ
900 2338 951 2381 in
980 2352 1113 2395 marg
1144 2336 1246 2380 Mor
1280 2342 1286 2391 Ι
1320 2335 1363 2380 τί
1396 2338 1504 2380 ante
1537 2339 1691 2391 μεῖζον
1716 2337 1824 2381 ΒΜ

135 2396 144 2455 1
179 2400 330 2453 μεῖζον
355 2423 411 2428 ·-
437 2404 462 2440 9
485 2395 721 2469 ἐξαίφνης
750 2411 826 2441 om
851 2399 936 2441 Mo
1057 2402 1081 2439 9
1119 2396 1325 2451 θάτερον
1359 2396 1414 2439 Vi
1454 2398 1460 2450 Ι
1504 2395 1570 2445 εἰς
1601 2409 1677 2439 om
1710 2396 1778 2439 Va
1812 2397 1817 2453 ξ

134 2455 305 2510 ἀπορεῖ
332 2456 392 2500 Vi
417 2458 424 2512 Ι
450 2453 519 2506 τίς
551 2455 664 2500 ViGl
785 2461 840 2500 10
871 2453 1136 2500 εὐπαθείτω
1170 2456 1227 2499 Vi
1258 2455 1339 2498 sed
1364 2453 1592 2498 σπαθάτω
1616 2454 1666 2497 in
1688 2468 1824 2513 marg

132 2514 204 2557 m²
263 2514 491 2558 σπαθάτω
515 2515 614 2559 HV
643 2517 686 2572 („
690 2530 786 2560 ‘non
808 2515 1133 2560 contemnenda
1157 2515 1308 2558 lectio⁴⁴
1343 2514 1411 2557 Re
1444 2514 1499 2556 cf.
1528 2528 1572 2570 p.
1599 2515 1762 2569 531,1)

130 2590 388 2646 ἀπειθείτω
416 2603 468 2648 Ol
610 2608 662 2646 12
696 2604 812 2659 πρὸς
834 2605 941 2648 HV
1078 2608 1132 2646 13
1164 2604 1324 2658 μακρῷ
1353 2605 1415 2659 τῷ
1443 2601 1584 2646 ΜοΟΖ
1649 2619 1822 2658 μακρο-

132 2660 254 2719 τάτῳ
280 2661 341 2704 Μ
369 2663 416 2705 et
446 2678 501 2718 γρ
534 2661 582 2705 in
613 2675 748 2719 marg
778 2663 880 2707 Mor
947 2661 1131 2730 μακράν
1161 2677 1253 2705 που
1286 2661 1343 2704 Vi
1374 2661 1518 2717 seda
1487 2668 1646 2717 μακρῶ
1677 2678 1739 2704 τω
1771 2662 1820 2705 in

133 2735 268 2777 marg
297 2719 367 2762 m'
393 2722 400 2776 Ι
428 2719 664 2777 διέστηκεν
695 2721 806 2777 ἐμοῦ
838 2721 1004 2778 scripsi
1036 2735 1060 2765 e
1094 2721 1151 2765 Vi
1180 2721 1261 2764 sed
1295 2737 1321 2763 ν
1354 2720 1375 2764 ἐ
1407 2719 1482 2763 del
1513 2719 1584 2762 m²
1643 2719 1821 2777 διέστη-

132 2839 215 2868 κεν
238 2824 340 2879 ἐμοὶ
359 2824 426 2868 Va
486 2822 722 2880 διέστηκεν
740 2822 840 2880 ἐμοί
856 2826 914 2868 Η
919 2824 1157 2868 VMoBM
1177 2822 1268 2867 edd
1329 2821 1482 2879 διέστη
1486 2819 1538 2865 κέ
1552 2838 1630 2878 μοι
1645 2823 1822 2868 PLaol

256 2887 309 2927 15
339 2889 594 2938 τηνικαῦτα
626 2884 735 2927 ante
765 2883 850 2939 τὴν
884 2884 941 2927 Vi
967 2887 973 2937 Ι
998 2897 1157 2926 versus
1190 2882 1272 2926 διὰ
1301 2889 1394 2925 τῶν
1427 2839 1642 2937 ὀμμάτων
1669 2884 1675 2937 Ι
1705 2880 1814 2935 ὀξεῖ’

134 2939 281 2998 ὀδύνη
313 2940 517 2985 κάτεισιν
549 2941 613 2991 εἰς
643 2941 727 2997 τὴν
759 2940 961 2997 καρδίαν
988 2944 1034 2998 Ι.
1099 2976 1109 2985 .
1128 2943 1405 2996 τριώροφον
1444 2940 1572 2996 ἡμῶν
1605 2939 1822 2996 ἑκάτερος
