2010 3168
890 578 1085 632 XXIX.

146 699 521 767 Παράσιτος
559 706 675 752 τοῦ
710 697 1077 769 τρέφοντος
1108 698 1307 752 αὐτὸν
1339 701 1834 767 φιλοσοφήσαν-

534 807 640 850 τος
679 786 912 841 ἑαυτὸν
949 785 1441 857 προσαγγέλλει.

256 905 300 959 1.
334 903 466 958 Ἐὰν
504 907 577 975 μὴ
614 907 988 974 προλαβόντες
1026 903 1352 973 ἐπινεύσητέ
1385 926 1479 975 μοι
1517 907 1654 976 πρὸς
1699 911 1820 956 RIV
1836 916 1923 956 216

139 984 242 1062 τὴν
282 999 517 1063 αἴτησιν,
555 991 596 1048 ὦ
637 997 829 1063 βουλή,
868 992 960 1047 καὶ
1000 995 1350 1064 συνδρᾶμητε
1395 1001 1470 1067 τῷ
1509 995 1833 1064 κηρύγματι,

144 1084 309 1136 δώσει
347 1083 448 1151 τὴν
481 1083 644 1153 χάριν
677 1082 705 1136 ὁ
739 1086 909 1150 λιμός.
941 1082 1193 1146 κάκεῖνος
1222 1084 1499 1152 πληρώσει
1530 1092 1625 1153 τῆς
1662 1096 1832 1153 προσ·
1880 1105 1899 1139 5

139 1175 396 1241 αγγελίας
442 1173 545 1241 τὴν
593 1171 824 1241 αἴτησιν.
879 1170 971 1225 καὶ
1015 1173 1118 1241 γὰρ
1160 1171 1417 1226 ἀπόλωλα
1466 1179 1541 1244 τῷ
1596 1174 1832 1245 πλείστῳ

138 1260 291 1331 μέρει
336 1259 428 1314 καὶ
479 1263 746 1314 τοσοῦτόν
799 1281 894 1330 μοι
947 1260 1361 1315 καταλέλειπται
1417 1259 1645 1330 ἐμπνεῖν
1698 1262 1833 1315 ὅσον

139 1352 381 1419 δηλῶσαι
443 1351 544 1419 τὴν
605 1351 901 1419 συμφορὰν
961 1348 1053 1403 καὶ
1114 1350 1213 1403 τὸν
1268 1349 1511 1419 εὐπρεπῆ
1567 1348 1832 1414 δέξασθαι

136 1439 401 1492 θάνατον.
464 1438 511 1490 2.
561 1438 590 1492 ὁ
637 1435 738 1508 μὲν
793 1434 896 1491 οὗν
948 1440 1220 1508 τρόφιμος
1272 1439 1405 1508 ἡμῖν
1456 1441 1654 1493 καινόν
1707 1459 1831 1493 τινα

136 1529 343 1597 τρόπον
386 1526 479 1580 καὶ
526 1528 691 1590 αὐτὸς
738 1526 989 1580 ἀπόλωλε
1036 1528 1198 1595 λιμὸν
1234 1531 1477 1594 μελετῶν
1521 1517 1613 1580 καὶ
1659 1531 1830 1597 σχολῇ
1854 1549 1898 1582 ιο

135 1617 337 1686 μετιὼν
390 1617 488 1669 τὸν
540 1617 804 1670 θάνατον.
862 1615 981 1686 ἐμοὶ
1035 1614 1137 1685 μὲν
1190 1611 1295 1669 οὖν
1351 1617 1542 1685 καιρὸς
1569 1636 1571 1638 ·
1600 1618 1830 1685 κατατή-

134 1711 352 1773 κεσθαι,
391 1703 508 1759 ἀλλ’
555 1704 745 1774 ἐπειδή
783 1725 865 1768 τις
904 1706 1116 1772 δαίμων
1145 1723 1256 1758 που
1290 1704 1709 1774 προσεβάσκηνέ
1734 1725 1829 1774 μοι

136 1802 232 1864 τῆς
270 1803 480 1866 τροφῆς
528 1795 619 1847 καὶ
657 1796 944 1863 παρείλετό
975 1814 1082 1863 μου
1122 1795 1224 1863 τὴν
1263 1794 1522 1863 ἀφορμὴν
1558 1801 1658 1847 τοῦ
1698 1795 1826 1863 βίου

252 1955 306 1998 H
378 1977 434 1991 =
461 1954 614 1999 Codex
646 1953 1100 2010 Hierosolymitanus
1134 1954 1176 1998 S.
1208 1953 1418 2011 Sepulcri
1446 1958 1529 1999 107

263 2015 308 2058 V
377 2036 433 2051 =
457 2013 715 2057 Vaticanus
747 2028 815 2071 gr.
849 2018 936 2057 940

256 2074 293 2119 Ο
378 2095 433 2110 =
460 2072 707 2117 Chisianus
738 2072 781 2116 R
805 2072 869 2116 VI
890 2076 947 2116 43

253 2134 329 2177 La
375 2154 431 2169 =
455 2132 800 2177 Laurentianus
832 2131 956 2176 LVII
979 2136 1037 2176 44

255 2193 345 2237 Ma
375 2214 431 2228 =
457 2191 748 2236 Matritensis
780 2195 896 2235 4679
931 2191 1104 2249 (N·49)

253 2330 275 2369 1
312 2322 576 2378 Παράσιτος
600 2351 653 2357 -
680 2330 705 2369 2
737 2324 857 2380 πρὸσ
896 2323 1102 2381 ἀγγέλλει
1138 2324 1187 2367 in
1226 2338 1360 2382 marg
1382 2324 1460 2368 La
1602 2329 1627 2366 2
1668 2323 1821 2381 εἰσαγ-

131 2383 275 2459 γέλλει
314 2383 418 2427 Μοι·
558 2388 584 2426 3
626 2384 842 2440 ἐπινεύσῃ
845 2399 892 2427 τε
919 2385 1009 2428 Μα
1047 2383 1129 2428 scd.
1165 2399 1220 2428 πι
1258 2384 1308 2427 in
1339 2381 1396 2427 π’
1432 2382 1456 2427 ἴ
1480 2396 1582 2427 corr
1610 2382 1681 2425 m²

131 2447 160 2485 4
191 2438 227 2486 ὦ
258 2442 402 2516 βουλή
432 2441 483 2485 in
513 2456 647 2499 marg
673 2442 783 2487 Ma²
823 2445 830 2499 Ι
880 2441 1171 2500 σννὸραμητε
1197 2443 1237 2488 0
1262 2443 1344 2487 sed
1377 2456 1403 2486 σ
1432 2443 1482 2486 in
1511 2455 1587 2485 ras
1618 2456 1651 2485 n
1712 2455 1820 2486 συν-

130 2500 390 2558 ὃεδραμητε
414 2502 470 2545 Η
476 2502 546 2558 Vl
580 2502 838 2559 κηρύγματι
863 2504 954 2547 Ma
984 2502 1066 2546 sed
1097 2502 1214 2558 κηρύ
1246 2502 1324 2545 del
1355 2503 1403 2545 et
1433 2500 1575 2569 βουλή
1606 2514 1822 2557 suprascr

131 2559 201 2603 m'
261 2559 517 2618 βουλήματι
540 2562 616 2606 La
754 2565 780 2604 5
811 2558 1128 2618 παραγγελίας
1150 2562 1226 2606 La
1257 2561 1340 2605 sed
1371 2577 1430 2616 αρ
1461 2559 1512 2603 in
1542 2573 1625 2615 ροσ
1654 2573 1757 2604 corr
1785 2575 1820 2604 ‘n

252 2624 275 2662 7
309 2617 636 2664 καταλείπεται
658 2620 827 2665 LaMa
852 2622 859 2676 Ι
895 2619 1107 2676 ἐμπεσεῖν
1132 2621 1272 2666 HVG
1300 2577 1430 2663 Ferr9
1440 2618 1543 2663 Mor
1573 2618 1655 2675 qui
1686 2617 1819 2663 ἐκπε-

130 2685 228 2723 σεῖν
260 2678 365 2723 coni
500 2682 525 2722 9
559 2675 644 2723 οὖν
674 2679 800 2723 inser
824 2679 938 2724 Ma'
986 2681 992 2735 Ι
1041 2679 1171 2736 ἡμῶν
1201 2679 1306 2723 Mor
1334 2678 1403 2723 Re
1540 2682 1592 2720 11
1626 2674 1712 2733 μὲν
1742 2690 1819 2721 om

131 2738 206 2782 La
231 2739 238 2794 Ι
267 2734 351 2782 οὖν
375 2738 452 2782 La
483 2737 566 2781 sed
595 2737 644 2781 in
675 2739 731 2782 οὐ
764 2752 866 2782 con·
887 2751 963 2782 ras
990 2740 998 2795 Ι
1026 2738 1081 2782 οὐ
1112 2740 1221 2794 post
1244 2735 1330 2782 οὖν
1357 2737 1482 2780 inser
1506 2735 1618 2781 Ma²
1643 2737 1651 2795 Ι
1677 2752 1819 2780 κατα-

128 2794 356 2851 τήκεσθαι
377 2797 455 2841 La
486 2796 568 2840 sed
598 2813 650 2840 αι
681 2811 738 2841 ex
768 2812 789 2841 ε
821 2811 923 2841 corr
950 2812 973 2842 s
1117 2802 1171 2841 12
1212 2796 1372 2853 ἐπειδὴ
1403 2794 1472 2847 τίς
1494 2795 1624 2840 HLa
1655 2794 1736 2839 sed
1766 2794 1819 2839 in

130 2854 269 2911 hocf]
295 2869 397 2899 corr
418 2869 440 2900 s
466 2857 473 2911 1
499 2862 590 2900 ποῦ
615 2857 692 2900 La
718 2858 724 2912 Ι
751 2854 1071 2914 προεβάσκηνέ
1097 2855 1200 2900 coni
1224 2855 1327 2900 Mor
1356 2857 1405 2899 01:
1428 2854 1461 2898 Ι.
1487 2853 1539 2898 G.
1566 2853 1818 2899 Schneider

130 2912 180 2956 in
210 2912 370 2971 Steph
395 2913 529 2959 Thes
554 2929 589 2958 s.
613 2929 657 2959 v.
686 2913 1078 2973 προσβασκαίνειν

218 2995 414 3029 Lummrs
437 2996 839 3029 ed.Foerster1.
1404 2990 1459 3030 38
