<?xml version="1.0" encoding="UTF-8"?>
<!DOCTYPE html PUBLIC "-//W3C//DTD XHTML 1.0 Transitional//EN"
    "http://www.w3.org/TR/xhtml1/DTD/xhtml1-transitional.dtd">
<html xmlns="http://www.w3.org/1999/xhtml" xml:lang="en" lang="en">
 <head>
  <title>
</title>
<meta http-equiv="Content-Type" content="text/html;charset=utf-8" />
  <meta name='ocr-system' content='tesseract 3.04.00' />
  <meta name='ocr-capabilities' content='ocr_page ocr_carea ocr_par ocr_line ocrx_word'/>
</head>
<body>
  <div class='ocr_page' id='page_1' title='image "./operarecensuitri06libauoft_0516.png"; bbox 0 0 2010 3168; ppageno 0'>
   <div class='ocr_carea' id='block_1_1' title="bbox 238 119 1503 174">
    <p class='ocr_par' dir='ltr' id='par_1_1' title="bbox 238 119 1503 174">
     <span class='ocr_line' id='line_1_1' title="bbox 238 119 1503 174; baseline -0.006 0"><span class='ocrx_word' id='word_1_1' title='bbox 238 121 345 174; x_wconf 81' lang='lat'>508</span> <span class='ocrx_word' id='word_1_2' title='bbox 675 119 902 164; x_wconf 85' lang='lat' dir='ltr'>LIBANII</span> <span class='ocrx_word' id='word_1_3' title='bbox 932 120 1322 166; x_wconf 84' lang='lat' dir='ltr'>DECLAMATIO</span> <span class='ocrx_word' id='word_1_4' title='bbox 1354 121 1503 166; x_wconf 89' lang='lat' dir='ltr'>XXVI</span> 
     </span>
    </p>
   </div>
   <div class='ocr_carea' id='block_1_2' title="bbox 232 256 1925 1510">
    <p class='ocr_par' dir='ltr' id='par_1_2' title="bbox 232 256 1925 1510">
     <span class='ocr_line' id='line_1_2' title="bbox 236 256 1921 330; baseline 0.002 -22"><span class='ocrx_word' id='word_1_5' title='bbox 236 262 400 323; x_wconf 85' lang='lat' dir='ltr'>ipsum</span> <span class='ocrx_word' id='word_1_6' title='bbox 448 262 555 309; x_wconf 90' lang='lat' dir='ltr'>erat</span> <span class='ocrx_word' id='word_1_7' title='bbox 601 261 685 309; x_wconf 92' lang='lat' dir='ltr'>sed</span> <span class='ocrx_word' id='word_1_8' title='bbox 732 262 936 323; x_wconf 88' lang='lat' dir='ltr'>periisse</span> <span class='ocrx_word' id='word_1_9' title='bbox 983 261 1201 324; x_wconf 86' lang='lat' dir='ltr'>videtur,</span> <span class='ocrx_word' id='word_1_10' title='bbox 1243 258 1461 311; x_wconf 75' lang='lat' dir='ltr'>‘levandi</span> <span class='ocrx_word' id='word_1_11' title='bbox 1498 262 1653 310; x_wconf 85' lang='lat' dir='ltr'>animi</span> <span class='ocrx_word' id='word_1_12' title='bbox 1684 256 1921 330; x_wconf 84' lang='lat' dir='ltr'>gratia’¹)</span> 
     </span>
     <span class='ocr_line' id='line_1_3' title="bbox 236 328 1923 402; baseline 0.001 -19"><span class='ocrx_word' id='word_1_13' title='bbox 236 337 290 383; x_wconf 90' lang='lat' dir='ltr'>in</span> <span class='ocrx_word' id='word_1_14' title='bbox 320 335 534 383; x_wconf 87' lang='lat' dir='ltr'>latinum</span> <span class='ocrx_word' id='word_1_15' title='bbox 572 350 844 384; x_wconf 89' lang='lat' dir='ltr'>sermonem</span> <span class='ocrx_word' id='word_1_16' title='bbox 883 336 1035 384; x_wconf 86' lang='lat' dir='ltr'>vertit</span> <span class='ocrx_word' id='word_1_17' title='bbox 1045 328 1103 402; x_wconf 81' lang='lat'>2).</span> <span class='ocrx_word' id='word_1_18' title='bbox 1155 335 1346 384; x_wconf 77' lang='lat' dir='ltr'><strong>Auctor</strong></span> <span class='ocrx_word' id='word_1_19' title='bbox 1382 352 1508 384; x_wconf 88' lang='lat' dir='ltr'>unus</span> <span class='ocrx_word' id='word_1_20' title='bbox 1540 352 1565 383; x_wconf 92' lang='lat' dir='ltr'>e</span> <span class='ocrx_word' id='word_1_21' title='bbox 1597 337 1770 399; x_wconf 90' lang='lat' dir='ltr'>primis</span> <span class='ocrx_word' id='word_1_22' title='bbox 1804 336 1923 385; x_wconf 83' lang='lat' dir='ltr'>Ger-</span> 
     </span>
     <span class='ocr_line' id='line_1_4' title="bbox 235 403 1921 478; baseline 0.001 -21"><span class='ocrx_word' id='word_1_23' title='bbox 235 409 394 458; x_wconf 87' lang='lat' dir='ltr'>manis</span> <span class='ocrx_word' id='word_1_24' title='bbox 426 411 513 471; x_wconf 88' lang='lat' dir='ltr'>qui</span> <span class='ocrx_word' id='word_1_25' title='bbox 551 409 775 472; x_wconf 86' lang='lat' dir='ltr'>linguam</span> <span class='ocrx_word' id='word_1_26' title='bbox 807 408 1047 457; x_wconf 83' lang='lat' dir='ltr'>Graecam</span> <span class='ocrx_word' id='word_1_27' title='bbox 1086 411 1139 456; x_wconf 94' lang='lat' dir='ltr'>in</span> <span class='ocrx_word' id='word_1_28' title='bbox 1170 410 1322 458; x_wconf 87' lang='lat' dir='ltr'>Italia</span> <span class='ocrx_word' id='word_1_29' title='bbox 1355 403 1434 476; x_wconf 90' lang='lat' dir='ltr'>(ut</span> <span class='ocrx_word' id='word_1_30' title='bbox 1464 411 1681 471; x_wconf 82' lang='lat' dir='ltr'>videtur,</span> <span class='ocrx_word' id='word_1_31' title='bbox 1712 405 1921 478; x_wconf 80' lang='lat' dir='ltr'>Romae)</span> 
     </span>
     <span class='ocr_line' id='line_1_5' title="bbox 236 479 1922 552; baseline 0.001 -21"><span class='ocrx_word' id='word_1_32' title='bbox 236 483 536 544; x_wconf 88' lang='lat' dir='ltr'>didicerunt,</span> <span class='ocrx_word' id='word_1_33' title='bbox 573 483 735 532; x_wconf 90' lang='lat' dir='ltr'>officio</span> <span class='ocrx_word' id='word_1_34' title='bbox 769 498 855 531; x_wconf 88' lang='lat' dir='ltr'>suo</span> <span class='ocrx_word' id='word_1_35' title='bbox 888 483 1059 546; x_wconf 82' lang='lat' dir='ltr'>probe,</span> <span class='ocrx_word' id='word_1_36' title='bbox 1103 484 1236 531; x_wconf 85' lang='lat' dir='ltr'>haud</span> <span class='ocrx_word' id='word_1_37' title='bbox 1267 486 1405 546; x_wconf 89' lang='lat' dir='ltr'>peius</span> <span class='ocrx_word' id='word_1_38' title='bbox 1438 501 1586 546; x_wconf 88' lang='lat' dir='ltr'>quam</span> <span class='ocrx_word' id='word_1_39' title='bbox 1617 485 1852 534; x_wconf 87' lang='lat' dir='ltr'>Erasmus</span> <span class='ocrx_word' id='word_1_40' title='bbox 1863 479 1922 552; x_wconf 78' lang='lat'>⁸),</span> 
     </span>
     <span class='ocr_line' id='line_1_6' title="bbox 235 557 1923 624; baseline 0.002 -20"><span class='ocrx_word' id='word_1_41' title='bbox 235 558 431 607; x_wconf 89' lang='lat' dir='ltr'>functus</span> <span class='ocrx_word' id='word_1_42' title='bbox 465 573 567 624; x_wconf 85' lang='lat' dir='ltr'>esse</span> <span class='ocrx_word' id='word_1_43' title='bbox 599 557 868 606; x_wconf 89' lang='lat' dir='ltr'>censendus</span> <span class='ocrx_word' id='word_1_44' title='bbox 901 559 987 607; x_wconf 90' lang='lat' dir='ltr'>est.</span> <span class='ocrx_word' id='word_1_45' title='bbox 1050 558 1181 606; x_wconf 89' lang='lat' dir='ltr'>Nam</span> <span class='ocrx_word' id='word_1_46' title='bbox 1212 558 1376 606; x_wconf 85' lang='lat' dir='ltr'>codice</span> <span class='ocrx_word' id='word_1_47' title='bbox 1417 559 1609 622; x_wconf 88' lang='lat' dir='ltr'>generis</span> <span class='ocrx_word' id='word_1_48' title='bbox 1641 559 1923 607; x_wconf 71' lang='lat' dir='ltr'>scholastici</span> 
     </span>
     <span class='ocr_line' id='line_1_7' title="bbox 237 631 1923 694; baseline 0.002 -15"><span class='ocrx_word' id='word_1_49' title='bbox 237 632 367 694; x_wconf 90' lang='lat' dir='ltr'>quod</span> <span class='ocrx_word' id='word_1_50' title='bbox 399 648 456 680; x_wconf 89' lang='lat' dir='ltr'>ex</span> <span class='ocrx_word' id='word_1_51' title='bbox 487 632 646 680; x_wconf 87' lang='lat' dir='ltr'>altera</span> <span class='ocrx_word' id='word_1_52' title='bbox 677 631 870 679; x_wconf 88' lang='lat' dir='ltr'>familia</span> <span class='ocrx_word' id='word_1_53' title='bbox 900 632 1044 679; x_wconf 85' lang='lat' dir='ltr'>fiuxit</span> <span class='ocrx_word' id='word_1_54' title='bbox 1074 647 1191 680; x_wconf 88' lang='lat' dir='ltr'>usus</span> <span class='ocrx_word' id='word_1_55' title='bbox 1220 633 1629 681; x_wconf 73' lang='lat' dir='ltr'>declamationem</span> <span class='ocrx_word' id='word_1_56' title='bbox 1658 633 1923 682; x_wconf 86' lang='lat' dir='ltr'>rarissimis</span> 
     </span>
     <span class='ocr_line' id='line_1_8' title="bbox 234 705 1922 769; baseline 0.001 -16"><span class='ocrx_word' id='word_1_57' title='bbox 234 706 315 754; x_wconf 84' lang='lat' dir='ltr'>vel</span> <span class='ocrx_word' id='word_1_58' title='bbox 346 706 705 769; x_wconf 87' lang='lat' dir='ltr'>glossematicis</span> <span class='ocrx_word' id='word_1_59' title='bbox 736 705 989 754; x_wconf 88' lang='lat' dir='ltr'>vocabulis</span> <span class='ocrx_word' id='word_1_60' title='bbox 1031 721 1156 767; x_wconf 89' lang='lat' dir='ltr'>quae</span> <span class='ocrx_word' id='word_1_61' title='bbox 1187 706 1240 754; x_wconf 89' lang='lat' dir='ltr'>in</span> <span class='ocrx_word' id='word_1_62' title='bbox 1273 707 1428 759; x_wconf 85' lang='lat' dir='ltr'>lexico</span> <span class='ocrx_word' id='word_1_63' title='bbox 1453 706 1657 755; x_wconf 78' lang='lat' dir='ltr'>deerant</span> <span class='ocrx_word' id='word_1_64' title='bbox 1688 709 1922 756; x_wconf 87' lang='lat' dir='ltr'>refertam</span> 
     </span>
     <span class='ocr_line' id='line_1_9' title="bbox 234 780 1731 851; baseline 0.001 -24"><span class='ocrx_word' id='word_1_65' title='bbox 234 795 332 828; x_wconf 92' lang='lat' dir='ltr'>non</span> <span class='ocrx_word' id='word_1_66' title='bbox 365 780 521 828; x_wconf 90' lang='lat' dir='ltr'>solum</span> <span class='ocrx_word' id='word_1_67' title='bbox 554 781 656 828; x_wconf 85' lang='lat' dir='ltr'>fere</span> <span class='ocrx_word' id='word_1_68' title='bbox 687 782 818 828; x_wconf 89' lang='lat' dir='ltr'>recte</span> <span class='ocrx_word' id='word_1_69' title='bbox 852 780 936 827; x_wconf 90' lang='lat' dir='ltr'>sed</span> <span class='ocrx_word' id='word_1_70' title='bbox 968 781 1132 851; x_wconf 50' lang='lat' dir='ltr'>etiam,</span> <span class='ocrx_word' id='word_1_71' title='bbox 1144 780 1397 844; x_wconf 85' lang='lat' dir='ltr'>eleganter</span> <span class='ocrx_word' id='word_1_72' title='bbox 1426 781 1655 829; x_wconf 84' lang='lat' dir='ltr'>reddidit.</span> <span class='ocrx_word' id='word_1_73' title='bbox 1729 816 1731 819; x_wconf 87' lang='lat'><em>-</em></span> 
     </span>
     <span class='ocr_line' id='line_1_10' title="bbox 346 854 1923 918; baseline 0.002 -17"><span class='ocrx_word' id='word_1_74' title='bbox 346 855 529 902; x_wconf 85' lang='lat' dir='ltr'>Textus</span> <span class='ocrx_word' id='word_1_75' title='bbox 571 869 776 917; x_wconf 88' lang='lat' dir='ltr'>graecus</span> <span class='ocrx_word' id='word_1_76' title='bbox 816 854 1030 916; x_wconf 89' lang='lat' dir='ltr'>primum</span> <span class='ocrx_word' id='word_1_77' title='bbox 1071 855 1122 901; x_wconf 91' lang='lat' dir='ltr'>in</span> <span class='ocrx_word' id='word_1_78' title='bbox 1162 855 1322 903; x_wconf 90' lang='lat' dir='ltr'>lucem</span> <span class='ocrx_word' id='word_1_79' title='bbox 1359 857 1640 918; x_wconf 88' lang='lat' dir='ltr'>protractus</span> <span class='ocrx_word' id='word_1_80' title='bbox 1682 858 1756 904; x_wconf 88' lang='lat' dir='ltr'>est</span> <span class='ocrx_word' id='word_1_81' title='bbox 1794 872 1923 905; x_wconf 88' lang='lat' dir='ltr'>anno</span> 
     </span>
     <span class='ocr_line' id='line_1_11' title="bbox 238 924 1924 994; baseline 0.002 -19"><span class='ocrx_word' id='word_1_82' title='bbox 238 930 377 976; x_wconf 86' lang='lat'>1517</span> <span class='ocrx_word' id='word_1_83' title='bbox 420 928 689 976; x_wconf 86' lang='lat' dir='ltr'>editione</span> <span class='ocrx_word' id='word_1_84' title='bbox 736 928 1112 976; x_wconf 85' lang='lat' dir='ltr'>Ferrariensi</span> <span class='ocrx_word' id='word_1_85' title='bbox 1153 925 1246 991; x_wconf 91' lang='lat'>(=</span> <span class='ocrx_word' id='word_1_86' title='bbox 1272 924 1414 994; x_wconf 84' lang='lat' dir='ltr'>Ferr)</span> <span class='ocrx_word' id='word_1_87' title='bbox 1456 930 1540 977; x_wconf 89' lang='lat' dir='ltr'>fol.</span> <span class='ocrx_word' id='word_1_88' title='bbox 1577 932 1924 979; x_wconf 63' lang='lat' dir='ltr'>129V—-136V</span> 
     </span>
     <span class='ocr_line' id='line_1_12' title="bbox 235 998 1924 1070; baseline 0.002 -21"><span class='ocrx_word' id='word_1_89' title='bbox 235 1018 360 1064; x_wconf 91' lang='lat' dir='ltr'>quae</span> <span class='ocrx_word' id='word_1_90' title='bbox 409 1019 434 1049; x_wconf 91' lang='lat' dir='ltr'>e</span> <span class='ocrx_word' id='word_1_91' title='bbox 479 1002 935 1050; x_wconf 89' lang='lat' dir='ltr'>Wolfenbuttelano</span> <span class='ocrx_word' id='word_1_92' title='bbox 984 1002 1149 1050; x_wconf 89' lang='lat' dir='ltr'>codice</span> <span class='ocrx_word' id='word_1_93' title='bbox 1196 1003 1375 1065; x_wconf 87' lang='lat' dir='ltr'>prioris</span> <span class='ocrx_word' id='word_1_94' title='bbox 1429 1004 1651 1051; x_wconf 84' lang='lat' dir='ltr'>familiae</span> <span class='ocrx_word' id='word_1_95' title='bbox 1705 998 1924 1070; x_wconf 49' lang='lat' dir='ltr'>fluxit-,⁴53</span> 
     </span>
     <span class='ocr_line' id='line_1_13' title="bbox 233 1070 1922 1144; baseline 0.001 -21"><span class='ocrx_word' id='word_1_96' title='bbox 233 1077 414 1124; x_wconf 91' lang='lat' dir='ltr'>iterum</span> <span class='ocrx_word' id='word_1_97' title='bbox 456 1093 486 1124; x_wconf 89' lang='lat' dir='ltr'>a</span> <span class='ocrx_word' id='word_1_98' title='bbox 529 1076 658 1125; x_wconf 87' lang='lat' dir='ltr'>Fed.</span> <span class='ocrx_word' id='word_1_99' title='bbox 698 1077 949 1125; x_wconf 87' lang='lat' dir='ltr'>Morello</span> <span class='ocrx_word' id='word_1_100' title='bbox 991 1077 1204 1125; x_wconf 86' lang='lat' dir='ltr'>editione</span> <span class='ocrx_word' id='word_1_101' title='bbox 1238 1070 1332 1144; x_wconf 88' lang='lat'>(---</span> <span class='ocrx_word' id='word_1_102' title='bbox 1357 1071 1510 1144; x_wconf 71' lang='lat' dir='ltr'>Morl)</span> <span class='ocrx_word' id='word_1_103' title='bbox 1545 1093 1670 1140; x_wconf 85' lang='lat' dir='ltr'>quae</span> <span class='ocrx_word' id='word_1_104' title='bbox 1717 1078 1922 1126; x_wconf 88' lang='lat' dir='ltr'>titulum</span> 
     </span>
     <span class='ocr_line' id='line_1_14' title="bbox 234 1148 1925 1217; baseline 0.001 -19"><span class='ocrx_word' id='word_1_105' title='bbox 234 1152 383 1214; x_wconf 83' lang='lat' dir='ltr'>gerit:</span> <span class='ocrx_word' id='word_1_106' title='bbox 424 1150 702 1215; x_wconf 84' lang='grc' dir='ltr'><em>,,Λιβανίου</em></span> <span class='ocrx_word' id='word_1_107' title='bbox 735 1156 974 1213; x_wconf 81' lang='grc' dir='ltr'><em>σοφιστοῦ</em></span> <span class='ocrx_word' id='word_1_108' title='bbox 1019 1148 1210 1215; x_wconf 78' lang='grc' dir='ltr'><em>μελέτη,</em></span> <span class='ocrx_word' id='word_1_109' title='bbox 1250 1149 1360 1216; x_wconf 83' lang='grc' dir='ltr'><strong><em>περὶ</em></strong></span> <span class='ocrx_word' id='word_1_110' title='bbox 1398 1150 1641 1201; x_wconf 78' lang='grc' dir='ltr'><em>δυσκόλου</em></span> <span class='ocrx_word' id='word_1_111' title='bbox 1678 1151 1925 1217; x_wconf 71' lang='grc' dir='ltr'><em>γήμαντος</em></span> 
     </span>
     <span class='ocr_line' id='line_1_15' title="bbox 235 1222 1925 1291; baseline 0.002 -19"><span class='ocrx_word' id='word_1_112' title='bbox 235 1223 381 1273; x_wconf 79' lang='grc' dir='ltr'><em>λάλον</em></span> <span class='ocrx_word' id='word_1_113' title='bbox 428 1228 640 1290; x_wconf 75' lang='grc' dir='ltr'><em>γυναῖκα</em></span> <span class='ocrx_word' id='word_1_114' title='bbox 685 1222 860 1273; x_wconf 74' lang='grc' dir='ltr'><strong>ἑαυτὸν</strong></span> <span class='ocrx_word' id='word_1_115' title='bbox 907 1223 1362 1291; x_wconf 75' lang='grc' dir='ltr'><em>προσαγγέλλοντος.</em></span> <span class='ocrx_word' id='word_1_116' title='bbox 1425 1226 1629 1274; x_wconf 76' lang='lat' dir='ltr'>Libanii</span> <span class='ocrx_word' id='word_1_117' title='bbox 1673 1226 1925 1286; x_wconf 78' lang='lat' dir='ltr'>Sophistac</span> 
     </span>
     <span class='ocr_line' id='line_1_16' title="bbox 237 1298 1923 1361; baseline 0.001 -14"><span class='ocrx_word' id='word_1_118' title='bbox 237 1298 438 1347; x_wconf 76' lang='lat' dir='ltr'>GlariSS.</span> <span class='ocrx_word' id='word_1_119' title='bbox 470 1299 754 1347; x_wconf 76' lang='lat' dir='ltr'>declamatio</span> <span class='ocrx_word' id='word_1_120' title='bbox 786 1300 1105 1361; x_wconf 77' lang='lat' dir='ltr'>lepidissima,</span> <span class='ocrx_word' id='word_1_121' title='bbox 1145 1300 1203 1347; x_wconf 91' lang='lat' dir='ltr'>de</span> <span class='ocrx_word' id='word_1_122' title='bbox 1239 1314 1425 1348; x_wconf 86' lang='lat' dir='ltr'>moroso</span> <span class='ocrx_word' id='word_1_123' title='bbox 1456 1302 1541 1361; x_wconf 89' lang='lat' dir='ltr'>qui</span> <span class='ocrx_word' id='word_1_124' title='bbox 1578 1316 1686 1349; x_wconf 89' lang='lat' dir='ltr'>cum</span> <span class='ocrx_word' id='word_1_125' title='bbox 1722 1313 1923 1349; x_wconf 76' lang='lat' dir='ltr'>uxorem</span> 
     </span>
     <span class='ocr_line' id='line_1_17' title="bbox 232 1374 1923 1434; baseline 0.001 -14"><span class='ocrx_word' id='word_1_126' title='bbox 232 1374 477 1433; x_wconf 77' lang='lat' dir='ltr'>loquacem</span> <span class='ocrx_word' id='word_1_127' title='bbox 508 1375 735 1434; x_wconf 72' lang='lat' dir='ltr'>duxisset,</span> <span class='ocrx_word' id='word_1_128' title='bbox 766 1376 980 1434; x_wconf 76' lang='lat' dir='ltr'>seipsum</span> <span class='ocrx_word' id='word_1_129' title='bbox 1011 1377 1218 1422; x_wconf 83' lang='lat' dir='ltr'>accusat.</span> <span class='ocrx_word' id='word_1_130' title='bbox 1280 1374 1548 1434; x_wconf 77' lang='lat' dir='ltr'>Interprete</span> <span class='ocrx_word' id='word_1_131' title='bbox 1573 1374 1692 1423; x_wconf 88' lang='lat' dir='ltr'>Fed.</span> <span class='ocrx_word' id='word_1_132' title='bbox 1717 1375 1923 1423; x_wconf 83' lang='lat' dir='ltr'>Morello</span> 
     </span>
     <span class='ocr_line' id='line_1_18' title="bbox 232 1446 1925 1510; baseline 0.001 -16"><span class='ocrx_word' id='word_1_133' title='bbox 232 1447 364 1507; x_wconf 77' lang='lat' dir='ltr'>Prof.</span> <span class='ocrx_word' id='word_1_134' title='bbox 383 1447 547 1509; x_wconf 75' lang='lat' dir='ltr'>Reqio.</span> <span class='ocrx_word' id='word_1_135' title='bbox 594 1448 818 1496; x_wconf 75' lang='lat' dir='ltr'>Lutetiae</span> <span class='ocrx_word' id='word_1_136' title='bbox 849 1449 982 1508; x_wconf 70' lang='lat' dir='ltr'>apud</span> <span class='ocrx_word' id='word_1_137' title='bbox 1005 1447 1125 1495; x_wconf 89' lang='lat' dir='ltr'>Fed.</span> <span class='ocrx_word' id='word_1_138' title='bbox 1143 1449 1407 1497; x_wconf 80' lang='lat' dir='ltr'>Morellum</span> <span class='ocrx_word' id='word_1_139' title='bbox 1423 1446 1925 1510; x_wconf 75' lang='lat' dir='ltr'>Architypoqraphum</span> 
     </span>
    </p>
   </div>
   <div class='ocr_carea' id='block_1_3' title="bbox 357 1565 587 1569">
    <p class='ocr_par' dir='ltr' id='par_1_3' title="bbox 357 1565 587 1569">
     <span class='ocr_line' id='line_1_19' title="bbox 357 1565 587 1569; baseline 0 0"><span class='ocrx_word' id='word_1_140' title='bbox 357 1565 587 1569; x_wconf 95' lang='lat' dir='ltr'> </span> 
     </span>
    </p>
   </div>
   <div class='ocr_carea' id='block_1_4' title="bbox 231 1633 1923 2995">
    <p class='ocr_par' dir='ltr' id='par_1_4' title="bbox 232 1633 1923 2522">
     <span class='ocr_line' id='line_1_20' title="bbox 353 1633 1923 1691; baseline 0.001 -15"><span class='ocrx_word' id='word_1_141' title='bbox 353 1636 395 1686; x_wconf 85' lang='lat'>1)</span> <span class='ocrx_word' id='word_1_142' title='bbox 426 1633 582 1677; x_wconf 85' lang='lat' dir='ltr'>Verba</span> <span class='ocrx_word' id='word_1_143' title='bbox 619 1633 924 1691; x_wconf 84' lang='lat' dir='ltr'>praefationis</span> <span class='ocrx_word' id='word_1_144' title='bbox 963 1634 1275 1691; x_wconf 86' lang='lat' dir='ltr'>subscriptae:</span> <span class='ocrx_word' id='word_1_145' title='bbox 1313 1635 1389 1679; x_wconf 77' lang='lat' dir='ltr'>‘ex</span> <span class='ocrx_word' id='word_1_146' title='bbox 1421 1633 1691 1689; x_wconf 79' lang='lat' dir='ltr'>Budissina‚</span> <span class='ocrx_word' id='word_1_147' title='bbox 1730 1633 1923 1678; x_wconf 84' lang='lat' dir='ltr'>Decima</span> 
     </span>
     <span class='ocr_line' id='line_1_21' title="bbox 232 1692 1922 1749; baseline 0.002 -14"><span class='ocrx_word' id='word_1_148' title='bbox 232 1692 336 1736; x_wconf 85' lang='lat' dir='ltr'>idus</span> <span class='ocrx_word' id='word_1_149' title='bbox 364 1692 592 1748; x_wconf 78' lang='lat' dir='ltr'>Octobris,</span> <span class='ocrx_word' id='word_1_150' title='bbox 623 1693 758 1737; x_wconf 89' lang='lat' dir='ltr'>Anno</span> <span class='ocrx_word' id='word_1_151' title='bbox 784 1692 963 1746; x_wconf 80' lang='lat' dir='ltr'>salutis,</span> <span class='ocrx_word' id='word_1_152' title='bbox 989 1693 1049 1736; x_wconf 94' lang='lat' dir='ltr'>M.</span> <span class='ocrx_word' id='word_1_153' title='bbox 1076 1693 1130 1737; x_wconf 91' lang='lat' dir='ltr'>D.</span> <span class='ocrx_word' id='word_1_154' title='bbox 1157 1693 1194 1736; x_wconf 88' lang='lat' dir='ltr'>I’</span> <span class='ocrx_word' id='word_1_155' title='bbox 1224 1695 1353 1739; x_wconf 83' lang='lat' dir='ltr'>sunt:</span> <span class='ocrx_word' id='word_1_156' title='bbox 1386 1694 1494 1738; x_wconf 85' lang='lat' dir='ltr'>Hac</span> <span class='ocrx_word' id='word_1_157' title='bbox 1518 1699 1685 1738; x_wconf 85' lang='lat' dir='ltr'>aestate</span> <span class='ocrx_word' id='word_1_158' title='bbox 1704 1694 1922 1749; x_wconf 77' lang='lat' dir='ltr'>preterita</span> 
     </span>
     <span class='ocr_line' id='line_1_22' title="bbox 232 1752 1922 1811; baseline 0.001 -15"><span class='ocrx_word' id='word_1_159' title='bbox 232 1752 342 1796; x_wconf 90' lang='lat' dir='ltr'>dum</span> <span class='ocrx_word' id='word_1_160' title='bbox 379 1753 565 1797; x_wconf 84' lang='lat' dir='ltr'>levandi</span> <span class='ocrx_word' id='word_1_161' title='bbox 603 1753 750 1796; x_wconf 88' lang='lat' dir='ltr'>animi</span> <span class='ocrx_word' id='word_1_162' title='bbox 786 1754 941 1810; x_wconf 75' lang='lat' dir='ltr'>qratia</span> <span class='ocrx_word' id='word_1_163' title='bbox 968 1752 1042 1797; x_wconf 79' lang='lat' dir='ltr'>&#39;ex</span> <span class='ocrx_word' id='word_1_164' title='bbox 1072 1754 1332 1798; x_wconf 89' lang='lat' dir='ltr'>Budissina</span> <span class='ocrx_word' id='word_1_165' title='bbox 1377 1754 1429 1796; x_wconf 84' lang='lat' dir='ltr'>in</span> <span class='ocrx_word' id='word_1_166' title='bbox 1469 1758 1715 1810; x_wconf 76' lang='lat' dir='ltr'>paternum</span> <span class='ocrx_word' id='word_1_167' title='bbox 1761 1767 1922 1811; x_wconf 73' lang='lat' dir='ltr'>ayrum</span> 
     </span>
     <span class='ocr_line' id='line_1_23' title="bbox 233 1812 1923 1869; baseline 0.001 -14"><span class='ocrx_word' id='word_1_168' title='bbox 233 1812 361 1868; x_wconf 75' lang='lat' dir='ltr'>apud</span> <span class='ocrx_word' id='word_1_169' title='bbox 391 1812 642 1856; x_wconf 88' lang='lat' dir='ltr'>Lubanum</span> <span class='ocrx_word' id='word_1_170' title='bbox 672 1812 893 1868; x_wconf 77' lang='lat' dir='ltr'>oppidum</span> <span class='ocrx_word' id='word_1_171' title='bbox 921 1813 1211 1867; x_wconf 87' lang='lat' dir='ltr'>secessissem,</span> <span class='ocrx_word' id='word_1_172' title='bbox 1251 1812 1490 1867; x_wconf 79' lang='lat' dir='ltr'>fastiditus</span> <span class='ocrx_word' id='word_1_173' title='bbox 1528 1813 1752 1857; x_wconf 86' lang='lat' dir='ltr'>canonica</span> <span class='ocrx_word' id='word_1_174' title='bbox 1790 1818 1923 1869; x_wconf 87' lang='lat' dir='ltr'>atque</span> 
     </span>
     <span class='ocr_line' id='line_1_24' title="bbox 232 1871 1923 1928; baseline 0.001 -14"><span class='ocrx_word' id='word_1_175' title='bbox 232 1872 358 1915; x_wconf 84' lang='lat' dir='ltr'>civili</span> <span class='ocrx_word' id='word_1_176' title='bbox 374 1885 439 1915; x_wconf 90' lang='lat' dir='ltr'>me</span> <span class='ocrx_word' id='word_1_177' title='bbox 455 1876 597 1915; x_wconf 84' lang='lat' dir='ltr'>totum</span> <span class='ocrx_word' id='word_1_178' title='bbox 614 1873 676 1915; x_wconf 89' lang='lat' dir='ltr'>ad</span> <span class='ocrx_word' id='word_1_179' title='bbox 700 1873 950 1915; x_wconf 83' lang='lat' dir='ltr'>oratoriam</span> <span class='ocrx_word' id='word_1_180' title='bbox 966 1872 1151 1916; x_wconf 85' lang='lat' dir='ltr'>contuli.</span> <span class='ocrx_word' id='word_1_181' title='bbox 1175 1898 1226 1904; x_wconf 91' lang='lat'><strong>—</strong></span> <span class='ocrx_word' id='word_1_182' title='bbox 1244 1871 1298 1916; x_wconf 92' lang='lat' dir='ltr'><strong><em>N</em></strong></span> <span class='ocrx_word' id='word_1_183' title='bbox 1296 1872 1537 1917; x_wconf 82' lang='lat' dir='ltr'>astratium</span> <span class='ocrx_word' id='word_1_184' title='bbox 1554 1872 1701 1916; x_wconf 91' lang='lat' dir='ltr'>denuo</span> <span class='ocrx_word' id='word_1_185' title='bbox 1718 1877 1923 1928; x_wconf 78' lang='lat' dir='ltr'>pertesus</span> 
     </span>
     <span class='ocr_line' id='line_1_25' title="bbox 233 1930 1922 1988; baseline 0.001 -14"><span class='ocrx_word' id='word_1_186' title='bbox 233 1931 295 1974; x_wconf 93' lang='lat' dir='ltr'>ad</span> <span class='ocrx_word' id='word_1_187' title='bbox 330 1931 525 1975; x_wconf 79' lang='lat' dir='ltr'>Graecos</span> <span class='ocrx_word' id='word_1_188' title='bbox 555 1945 622 1974; x_wconf 88' lang='lat' dir='ltr'>me</span> <span class='ocrx_word' id='word_1_189' title='bbox 653 1931 863 1985; x_wconf 78' lang='lat' dir='ltr'>converti,</span> <span class='ocrx_word' id='word_1_190' title='bbox 899 1930 1100 1987; x_wconf 76' lang='lat' dir='ltr'>Quorum</span> <span class='ocrx_word' id='word_1_191' title='bbox 1122 1932 1279 1976; x_wconf 83' lang='lat' dir='ltr'>studia</span> <span class='ocrx_word' id='word_1_192' title='bbox 1310 1931 1581 1988; x_wconf 60' lang='lat' dir='ltr'>ingeniaque</span> <span class='ocrx_word' id='word_1_193' title='bbox 1613 1932 1715 1976; x_wconf 88' lang='lat' dir='ltr'>licet</span> <span class='ocrx_word' id='word_1_194' title='bbox 1743 1931 1922 1975; x_wconf 89' lang='lat' dir='ltr'>iamdu-</span> 
     </span>
     <span class='ocr_line' id='line_1_26' title="bbox 233 1990 1923 2047; baseline 0 -14"><span class='ocrx_word' id='word_1_195' title='bbox 233 1990 342 2033; x_wconf 89' lang='lat' dir='ltr'>dum</span> <span class='ocrx_word' id='word_1_196' title='bbox 358 1990 616 2034; x_wconf 79' lang='lat' dir='ltr'>intermissa</span> <span class='ocrx_word' id='word_1_197' title='bbox 639 1991 890 2046; x_wconf 85' lang='lat' dir='ltr'>plurimum</span> <span class='ocrx_word' id='word_1_198' title='bbox 913 1990 1134 2034; x_wconf 76' lang='lat' dir='ltr'>demirari</span> <span class='ocrx_word' id='word_1_199' title='bbox 1154 1992 1282 2036; x_wconf 85' lang='lat' dir='ltr'>soleo.</span> <span class='ocrx_word' id='word_1_200' title='bbox 1309 2006 1339 2035; x_wconf 90' lang='lat' dir='ltr'>a</span> <span class='ocrx_word' id='word_1_201' title='bbox 1363 1992 1527 2035; x_wconf 83' lang='lat' dir='ltr'>teneris</span> <span class='ocrx_word' id='word_1_202' title='bbox 1550 2005 1744 2047; x_wconf 90' lang='lat' dir='ltr'>namque</span> <span class='ocrx_word' id='word_1_203' title='bbox 1767 2004 1923 2034; x_wconf 84' lang='lat' dir='ltr'>earum</span> 
     </span>
     <span class='ocr_line' id='line_1_27' title="bbox 233 2049 1923 2107; baseline 0 -14"><span class='ocrx_word' id='word_1_204' title='bbox 233 2049 364 2093; x_wconf 75' lang='lat' dir='ltr'>extiti</span> <span class='ocrx_word' id='word_1_205' title='bbox 397 2050 650 2094; x_wconf 80' lang='lat' dir='ltr'>litterarum</span> <span class='ocrx_word' id='word_1_206' title='bbox 690 2054 889 2101; x_wconf 81' lang='lat' dir='ltr'>amator,</span> <span class='ocrx_word' id='word_1_207' title='bbox 923 2050 1233 2105; x_wconf 82' lang='lat' dir='ltr'>Complurima</span> <span class='ocrx_word' id='word_1_208' title='bbox 1272 2051 1416 2107; x_wconf 80' lang='lat' dir='ltr'>iqitur</span> <span class='ocrx_word' id='word_1_209' title='bbox 1454 2051 1671 2106; x_wconf 76' lang='lat' dir='ltr'>opuscula</span> <span class='ocrx_word' id='word_1_210' title='bbox 1712 2052 1923 2106; x_wconf 85' lang='lat' dir='ltr'>(quorum</span> 
     </span>
     <span class='ocr_line' id='line_1_28' title="bbox 233 2109 1923 2165; baseline 0.001 -13"><span class='ocrx_word' id='word_1_211' title='bbox 233 2109 392 2165; x_wconf 78' lang='lat' dir='ltr'>inqens</span> <span class='ocrx_word' id='word_1_212' title='bbox 429 2109 545 2152; x_wconf 88' lang='lat' dir='ltr'>mihi</span> <span class='ocrx_word' id='word_1_213' title='bbox 580 2110 731 2164; x_wconf 76' lang='lat' dir='ltr'>copia)</span> <span class='ocrx_word' id='word_1_214' title='bbox 772 2109 1099 2164; x_wconf 76' lang='lat' dir='ltr'>perlustrando</span> <span class='ocrx_word' id='word_1_215' title='bbox 1138 2111 1334 2154; x_wconf 81' lang='lat' dir='ltr'>occurrit</span> <span class='ocrx_word' id='word_1_216' title='bbox 1372 2109 1636 2153; x_wconf 84' lang='lat' dir='ltr'>declamatio</span> <span class='ocrx_word' id='word_1_217' title='bbox 1682 2109 1923 2162; x_wconf 87' lang='lat' dir='ltr'>cuiusdam</span> 
     </span>
     <span class='ocr_line' id='line_1_29' title="bbox 234 2168 1922 2224; baseline 0.001 -13"><span class='ocrx_word' id='word_1_218' title='bbox 234 2168 430 2212; x_wconf 87' lang='lat' dir='ltr'>Libanii</span> <span class='ocrx_word' id='word_1_219' title='bbox 453 2169 649 2211; x_wconf 78' lang='lat' dir='ltr'>oratoris</span> <span class='ocrx_word' id='word_1_220' title='bbox 672 2168 961 2212; x_wconf 74' lang='lat' dir='ltr'>Atheniensis</span> <span class='ocrx_word' id='word_1_221' title='bbox 986 2169 1240 2212; x_wconf 85' lang='lat' dir='ltr'>acutissimi</span> <span class='ocrx_word' id='word_1_222' title='bbox 1264 2169 1317 2212; x_wconf 88' lang='lat' dir='ltr'>de</span> <span class='ocrx_word' id='word_1_223' title='bbox 1341 2182 1482 2212; x_wconf 79' lang='lat' dir='ltr'>uxore</span> <span class='ocrx_word' id='word_1_224' title='bbox 1507 2169 1702 2224; x_wconf 87' lang='lat' dir='ltr'>loquace,</span> <span class='ocrx_word' id='word_1_225' title='bbox 1734 2168 1922 2212; x_wconf 83' lang='lat' dir='ltr'>Placuit</span> 
     </span>
     <span class='ocr_line' id='line_1_30' title="bbox 233 2227 1921 2285; baseline -0.001 -14"><span class='ocrx_word' id='word_1_226' title='bbox 233 2227 478 2271; x_wconf 87' lang='lat' dir='ltr'>admodum</span> <span class='ocrx_word' id='word_1_227' title='bbox 509 2227 703 2270; x_wconf 77' lang='lat' dir='ltr'>maxime</span> <span class='ocrx_word' id='word_1_228' title='bbox 734 2240 837 2271; x_wconf 90' lang='lat' dir='ltr'>cum</span> <span class='ocrx_word' id='word_1_229' title='bbox 859 2228 1099 2282; x_wconf 77' lang='lat' dir='ltr'>plerasque</span> <span class='ocrx_word' id='word_1_230' title='bbox 1131 2228 1289 2272; x_wconf 86' lang='lat' dir='ltr'>domus</span> <span class='ocrx_word' id='word_1_231' title='bbox 1311 2228 1609 2284; x_wconf 74' lang='lat' dir='ltr'>undequaque</span> <span class='ocrx_word' id='word_1_232' title='bbox 1632 2241 1786 2271; x_wconf 77' lang='lat' dir='ltr'>earum</span> <span class='ocrx_word' id='word_1_233' title='bbox 1815 2241 1921 2285; x_wconf 77' lang='lat' dir='ltr'>yar-</span> 
     </span>
     <span class='ocr_line' id='line_1_31' title="bbox 233 2286 1923 2342; baseline 0 -13"><span class='ocrx_word' id='word_1_234' title='bbox 233 2286 418 2330; x_wconf 81' lang='lat' dir='ltr'>rulitate</span> <span class='ocrx_word' id='word_1_235' title='bbox 449 2299 687 2330; x_wconf 86' lang='lat' dir='ltr'>sonorosas</span> <span class='ocrx_word' id='word_1_236' title='bbox 718 2286 861 2329; x_wconf 81' lang='lat' dir='ltr'>audio</span> <span class='ocrx_word' id='word_1_237' title='bbox 893 2287 1089 2342; x_wconf 87' lang='lat' dir='ltr'>adeoque</span> <span class='ocrx_word' id='word_1_238' title='bbox 1119 2288 1231 2331; x_wconf 82' lang='lat' dir='ltr'>viris</span> <span class='ocrx_word' id='word_1_239' title='bbox 1258 2289 1465 2332; x_wconf 86' lang='lat' dir='ltr'>molestas</span> <span class='ocrx_word' id='word_1_240' title='bbox 1487 2291 1539 2330; x_wconf 89' lang='lat' dir='ltr'>ut</span> <span class='ocrx_word' id='word_1_241' title='bbox 1559 2300 1653 2331; x_wconf 89' lang='lat' dir='ltr'>non</span> <span class='ocrx_word' id='word_1_242' title='bbox 1675 2287 1770 2330; x_wconf 87' lang='lat' dir='ltr'>nisi</span> <span class='ocrx_word' id='word_1_243' title='bbox 1793 2287 1923 2330; x_wconf 84' lang='lat' dir='ltr'>celeri</span> 
     </span>
     <span class='ocr_line' id='line_1_32' title="bbox 232 2345 1921 2403; baseline 0.001 -15"><span class='ocrx_word' id='word_1_244' title='bbox 232 2345 349 2402; x_wconf 74' lang='lat' dir='ltr'>fuya</span> <span class='ocrx_word' id='word_1_245' title='bbox 380 2359 432 2388; x_wconf 91' lang='lat' dir='ltr'>ea</span> <span class='ocrx_word' id='word_1_246' title='bbox 461 2359 508 2389; x_wconf 86' lang='lat' dir='ltr'>se</span> <span class='ocrx_word' id='word_1_247' title='bbox 531 2345 676 2389; x_wconf 78' lang='lat' dir='ltr'>levare</span> <span class='ocrx_word' id='word_1_248' title='bbox 700 2346 902 2390; x_wconf 86' lang='lat' dir='ltr'>molestia</span> <span class='ocrx_word' id='word_1_249' title='bbox 926 2359 1039 2401; x_wconf 83' lang='lat' dir='ltr'>opus</span> <span class='ocrx_word' id='word_1_250' title='bbox 1062 2348 1134 2390; x_wconf 76' lang='lat' dir='ltr'>sit,</span> <span class='ocrx_word' id='word_1_251' title='bbox 1162 2372 1216 2379; x_wconf 90' lang='lat'><em>-</em></span> <span class='ocrx_word' id='word_1_252' title='bbox 1241 2346 1366 2391; x_wconf 88' lang='lat' dir='ltr'>Eam</span> <span class='ocrx_word' id='word_1_253' title='bbox 1389 2347 1532 2403; x_wconf 78' lang='lat' dir='ltr'>iqitur</span> <span class='ocrx_word' id='word_1_254' title='bbox 1555 2345 1921 2389; x_wconf 89' lang='lat' dir='ltr'>declamationem</span> 
     </span>
     <span class='ocr_line' id='line_1_33' title="bbox 233 2403 1920 2461; baseline -0.001 -13"><span class='ocrx_word' id='word_1_255' title='bbox 233 2405 319 2448; x_wconf 87' lang='lat' dir='ltr'>levi</span> <span class='ocrx_word' id='word_1_256' title='bbox 349 2408 389 2448; x_wconf 89' lang='lat' dir='ltr'>et</span> <span class='ocrx_word' id='word_1_257' title='bbox 430 2405 595 2447; x_wconf 90' lang='lat' dir='ltr'>humili</span> <span class='ocrx_word' id='word_1_258' title='bbox 631 2405 736 2448; x_wconf 88' lang='lat' dir='ltr'>stilo</span> <span class='ocrx_word' id='word_1_259' title='bbox 774 2405 1033 2448; x_wconf 87' lang='lat' dir='ltr'>traductam</span> <span class='ocrx_word' id='word_1_260' title='bbox 1073 2405 1135 2449; x_wconf 88' lang='lat' dir='ltr'>ad</span> <span class='ocrx_word' id='word_1_261' title='bbox 1171 2410 1212 2450; x_wconf 88' lang='lat' dir='ltr'>te</span> <span class='ocrx_word' id='word_1_262' title='bbox 1250 2406 1398 2449; x_wconf 80' lang='lat' dir='ltr'>virum</span> <span class='ocrx_word' id='word_1_263' title='bbox 1435 2406 1652 2460; x_wconf 80' lang='lat' dir='ltr'>optimum</span> <span class='ocrx_word' id='word_1_264' title='bbox 1684 2403 1920 2461; x_wconf 85' lang='lat' dir='ltr'>(Ioannem</span> 
     </span>
     <span class='ocr_line' id='line_1_34' title="bbox 235 2462 1703 2522; baseline 0.001 -17"><span class='ocrx_word' id='word_1_265' title='bbox 235 2462 292 2506; x_wconf 91' lang='lat' dir='ltr'>de</span> <span class='ocrx_word' id='word_1_266' title='bbox 323 2462 653 2520; x_wconf 84' lang='lat' dir='ltr'>Wartenberg)</span> <span class='ocrx_word' id='word_1_267' title='bbox 682 2465 824 2517; x_wconf 88' lang='lat' dir='ltr'>mitto,</span> <span class='ocrx_word' id='word_1_268' title='bbox 849 2465 992 2520; x_wconf 77' lang='lat' dir='ltr'>plena</span> <span class='ocrx_word' id='word_1_269' title='bbox 1023 2470 1087 2508; x_wconf 89' lang='lat' dir='ltr'>est</span> <span class='ocrx_word' id='word_1_270' title='bbox 1116 2465 1293 2522; x_wconf 76' lang='lat' dir='ltr'>inqenii</span> <span class='ocrx_word' id='word_1_271' title='bbox 1327 2469 1368 2508; x_wconf 88' lang='lat' dir='ltr'>et</span> <span class='ocrx_word' id='word_1_272' title='bbox 1399 2464 1587 2518; x_wconf 72' lang='lat' dir='ltr'>artificii</span> <span class='ocrx_word' id='word_1_273' title='bbox 1618 2466 1703 2508; x_wconf 85' lang='lat' dir='ltr'>etc.</span> 
     </span>
    </p>

    <p class='ocr_par' dir='ltr' id='par_1_5' title="bbox 231 2521 1922 2861">
     <span class='ocr_line' id='line_1_35' title="bbox 353 2521 1921 2578; baseline 0.002 -14"><span class='ocrx_word' id='word_1_274' title='bbox 353 2524 397 2578; x_wconf 84' lang='lat'>2)</span> <span class='ocrx_word' id='word_1_275' title='bbox 431 2521 592 2566; x_wconf 83' lang='lat' dir='ltr'>Versio</span> <span class='ocrx_word' id='word_1_276' title='bbox 617 2522 864 2578; x_wconf 79' lang='lat' dir='ltr'>inscripta:</span> <span class='ocrx_word' id='word_1_277' title='bbox 889 2523 1177 2567; x_wconf 87' lang='lat' dir='ltr'>Declamatio</span> <span class='ocrx_word' id='word_1_278' title='bbox 1195 2523 1390 2567; x_wconf 87' lang='lat' dir='ltr'>Libanii</span> <span class='ocrx_word' id='word_1_279' title='bbox 1414 2524 1608 2567; x_wconf 85' lang='lat' dir='ltr'>oratoris</span> <span class='ocrx_word' id='word_1_280' title='bbox 1631 2523 1921 2567; x_wconf 84' lang='lat' dir='ltr'>Atheniensis</span> 
     </span>
     <span class='ocr_line' id='line_1_36' title="bbox 233 2581 1920 2638; baseline 0 -14"><span class='ocrx_word' id='word_1_281' title='bbox 233 2581 287 2625; x_wconf 88' lang='lat' dir='ltr'>de</span> <span class='ocrx_word' id='word_1_282' title='bbox 316 2595 457 2626; x_wconf 75' lang='lat' dir='ltr'>uxore</span> <span class='ocrx_word' id='word_1_283' title='bbox 487 2583 670 2637; x_wconf 90' lang='lat' dir='ltr'>loquace</span> <span class='ocrx_word' id='word_1_284' title='bbox 703 2581 861 2626; x_wconf 87' lang='lat' dir='ltr'>decem</span> <span class='ocrx_word' id='word_1_285' title='bbox 893 2581 1026 2625; x_wconf 81' lang='lat' dir='ltr'>annis</span> <span class='ocrx_word' id='word_1_286' title='bbox 1057 2583 1164 2638; x_wconf 86' lang='lat' dir='ltr'>post</span> <span class='ocrx_word' id='word_1_287' title='bbox 1194 2581 1321 2638; x_wconf 81' lang='lat' dir='ltr'>typis</span> <span class='ocrx_word' id='word_1_288' title='bbox 1346 2581 1664 2638; x_wconf 81' lang='lat' dir='ltr'>Lipsiensibus</span> <span class='ocrx_word' id='word_1_289' title='bbox 1694 2581 1920 2624; x_wconf 84' lang='lat' dir='ltr'>mandata</span> 
     </span>
     <span class='ocr_line' id='line_1_37' title="bbox 234 2639 1922 2699; baseline 0.001 -16"><span class='ocrx_word' id='word_1_290' title='bbox 234 2641 306 2683; x_wconf 86' lang='lat' dir='ltr'>est</span> <span class='ocrx_word' id='word_1_291' title='bbox 335 2642 456 2684; x_wconf 84' lang='lat' dir='ltr'>teste</span> <span class='ocrx_word' id='word_1_292' title='bbox 497 2639 856 2695; x_wconf 82' lang='lat' dir='ltr'>subscriptione:</span> <span class='ocrx_word' id='word_1_293' title='bbox 898 2641 1204 2685; x_wconf 71' lang='lat' dir='ltr'>‘Declamatio</span> <span class='ocrx_word' id='word_1_294' title='bbox 1241 2642 1317 2686; x_wconf 87' lang='lat' dir='ltr'>hec</span> <span class='ocrx_word' id='word_1_295' title='bbox 1355 2642 1687 2699; x_wconf 77' lang='lat' dir='ltr'>eleqantissima</span> <span class='ocrx_word' id='word_1_296' title='bbox 1725 2641 1922 2685; x_wconf 88' lang='lat' dir='ltr'>Libanii</span> 
     </span>
     <span class='ocr_line' id='line_1_38' title="bbox 237 2698 1917 2758; baseline 0 -16"><span class='ocrx_word' id='word_1_297' title='bbox 237 2698 457 2755; x_wconf 81' lang='lat' dir='ltr'>Orato!ris</span> <span class='ocrx_word' id='word_1_298' title='bbox 480 2700 783 2754; x_wconf 80' lang='lat' dir='ltr'>Atheniensis,</span> <span class='ocrx_word' id='word_1_299' title='bbox 809 2699 880 2743; x_wconf 89' lang='lat' dir='ltr'>De</span> <span class='ocrx_word' id='word_1_300' title='bbox 904 2701 1088 2744; x_wconf 87' lang='lat' dir='ltr'>muliere</span> <span class='ocrx_word' id='word_1_301' title='bbox 1113 2700 1307 2756; x_wconf 85' lang='lat' dir='ltr'>loquace,</span> <span class='ocrx_word' id='word_1_302' title='bbox 1335 2699 1558 2758; x_wconf 72' lang='lat' dir='ltr'>expres!sa</span> <span class='ocrx_word' id='word_1_303' title='bbox 1581 2705 1645 2744; x_wconf 88' lang='lat' dir='ltr'>est</span> <span class='ocrx_word' id='word_1_304' title='bbox 1665 2700 1795 2744; x_wconf 88' lang='lat' dir='ltr'>novis</span> <span class='ocrx_word' id='word_1_305' title='bbox 1825 2701 1917 2754; x_wconf 83' lang='lat' dir='ltr'>for-</span> 
     </span>
     <span class='ocr_line' id='line_1_39' title="bbox 232 2758 1917 2817; baseline 0 -16"><span class='ocrx_word' id='word_1_306' title='bbox 232 2759 319 2802; x_wconf 84' lang='lat' dir='ltr'>mis</span> <span class='ocrx_word' id='word_1_307' title='bbox 358 2759 495 2814; x_wconf 78' lang='lat' dir='ltr'>Lipsi</span> <span class='ocrx_word' id='word_1_308' title='bbox 524 2772 611 2815; x_wconf 78' lang='lat' dir='ltr'>per</span> <span class='ocrx_word' id='word_1_309' title='bbox 642 2758 949 2816; x_wconf 58' lang='lat' dir='ltr'>Melchi02rem</span> <span class='ocrx_word' id='word_1_310' title='bbox 986 2759 1220 2803; x_wconf 80' lang='lat' dir='ltr'>Lotterum</span> <span class='ocrx_word' id='word_1_311' title='bbox 1262 2759 1627 2817; x_wconf 75' lang='lat' dir='ltr'>Calcoyraphuml</span> <span class='ocrx_word' id='word_1_312' title='bbox 1664 2759 1803 2803; x_wconf 88' lang='lat' dir='ltr'>Anno</span> <span class='ocrx_word' id='word_1_313' title='bbox 1841 2764 1917 2804; x_wconf 89' lang='lat' dir='ltr'>etc.</span> 
     </span>
     <span class='ocr_line' id='line_1_40' title="bbox 231 2818 502 2861; baseline -0.004 0"><span class='ocrx_word' id='word_1_314' title='bbox 231 2818 502 2861; x_wconf 82' lang='lat' dir='ltr'>wndecimo&#39;.</span> 
     </span>
    </p>

    <p class='ocr_par' dir='ltr' id='par_1_6' title="bbox 352 2875 899 2934">
     <span class='ocr_line' id='line_1_41' title="bbox 352 2875 899 2934; baseline 0.002 -16"><span class='ocrx_word' id='word_1_315' title='bbox 352 2878 394 2931; x_wconf 89' lang='lat'>3)</span> <span class='ocrx_word' id='word_1_316' title='bbox 429 2875 494 2920; x_wconf 82' lang='lat' dir='ltr'>cf.</span> <span class='ocrx_word' id='word_1_317' title='bbox 528 2877 561 2919; x_wconf 84' lang='lat' dir='ltr'>t.</span> <span class='ocrx_word' id='word_1_318' title='bbox 587 2875 629 2919; x_wconf 93' lang='lat' dir='ltr'><strong>V</strong></span> <span class='ocrx_word' id='word_1_319' title='bbox 659 2890 704 2932; x_wconf 91' lang='lat' dir='ltr'>p.</span> <span class='ocrx_word' id='word_1_320' title='bbox 732 2880 814 2919; x_wconf 85' lang='lat'>197</span> <span class='ocrx_word' id='word_1_321' title='bbox 834 2890 899 2934; x_wconf 84' lang='lat' dir='ltr'>sq.</span> 
     </span>
    </p>

    <p class='ocr_par' dir='ltr' id='par_1_7' title="bbox 351 2934 777 2995">
     <span class='ocr_line' id='line_1_42' title="bbox 351 2934 777 2995; baseline -0.002 -14"><span class='ocrx_word' id='word_1_322' title='bbox 351 2937 395 2991; x_wconf 81' lang='lat'>4)</span> <span class='ocrx_word' id='word_1_323' title='bbox 428 2934 494 2981; x_wconf 82' lang='lat' dir='ltr'>Cf.</span> <span class='ocrx_word' id='word_1_324' title='bbox 527 2936 561 2979; x_wconf 87' lang='lat' dir='ltr'>t.</span> <span class='ocrx_word' id='word_1_325' title='bbox 585 2935 606 2978; x_wconf 97' lang='lat' dir='ltr'>I</span> <span class='ocrx_word' id='word_1_326' title='bbox 636 2950 681 2995; x_wconf 88' lang='lat' dir='ltr'>p.</span> <span class='ocrx_word' id='word_1_327' title='bbox 709 2939 777 2980; x_wconf 81' lang='grc'>75.</span> 
     </span>
    </p>
   </div>
  </div>
 </body>
</html>
