2010 3168
115 116 122 123 '
206 104 315 157 502
642 103 870 148 LIBANII
899 103 1290 149 DECLAMATIO
1321 104 1471 150 XXVI

206 242 498 309 βουλόμενοι
521 244 550 293 i.
571 261 608 292 e.
627 245 870 306 epistulae
885 244 1301 293 Pseudo-Libanii
1325 246 1689 295 characteribus
1715 248 1893 310 episto-

205 319 314 366 licis
369 318 715 381 superadditae
765 320 980 368 60-87
1028 336 1075 382 p.
1111 320 1178 367 37
1228 320 1301 368 ed.
1341 320 1452 368 Val.
1484 320 1757 383 Weichert,
1809 324 1896 384 qui

205 410 252 455 p.
279 392 483 440 LXXIV
514 393 574 440 de
603 393 698 441 hoc
729 393 894 442 codice
926 409 952 442 e
982 395 1105 442 meis
1137 394 1328 442 schedis
1358 395 1567 443 rettulit.

316 467 583 516 Nonnullis
639 467 850 515 aliorum
903 468 1132 529 epistulis
1185 468 1480 517 intermissis
1526 472 1801 531 sequuntur
1841 471 1893 518 in

206 541 325 589 folio
361 542 427 589 58
469 541 684 603 epistula
722 540 921 589 Libanii
958 541 1022 589 ad
1060 541 1335 590 Iulianum:
1371 535 1621 591 Ἰουλιανῶ
1653 543 1893 608 λιβάνιος·

205 614 253 662 τί
291 621 442 663 ταῦτα
472 609 737 682 γλώττηςῑ)
771 619 820 664 et
851 615 1037 663 Iuliani
1068 615 1331 678 epistulae:
1379 615 1626 676 ἰουλιανὸς
1667 617 1895 679 λιβανίωτ

206 686 425 754 ἀνέγνων
448 686 565 754 χθὲς
582 682 681 755 (ep.
703 691 770 737 14
787 684 997 757 Hertl.),
1021 688 1228 754 εὐμενίω
1249 689 1530 753 φιλοσόφως
1557 691 1789 740 δαίδαλον
1806 688 1895 755 μὲν

205 756 304 829 (ep.
334 756 441 829 18),
475 763 666 827 μαξίμω
691 762 972 826 φιλοσόφως
1007 761 1032 812 ὃ
1065 760 1153 827 μὲν
1178 769 1341 828 μῦθος
1365 758 1463 829 (ep.
1495 758 1586 831 16)
1611 768 1661 813 et
1683 766 1736 813 in
1760 766 1894 815 foliis

205 837 527 899 sequentibus
559 840 782 886 sescenta
814 838 914 886 alia
947 854 1072 900 quae
1103 854 1354 887 recensere
1385 839 1532 887 huius
1563 839 1661 888 loci
1683 855 1782 887 non
1807 842 1894 888 est.

316 911 502 959 Morosi
540 911 836 960 declamatio
875 912 1248 961 mendosissime
1281 930 1307 961 e
1342 913 1398 963 Ol
1429 914 1510 962 vel
1548 913 1712 963 codice
1750 913 1896 964 huius

203 987 359 1034 fratre
392 986 603 1050 gemello
636 986 885 1048 descripta
917 988 1004 1035 est.

315 1059 615 1121 Libaniana‚
654 1063 919 1123 postquam
955 1059 1085 1108 Guil.
1120 1061 1336 1109 Roether
1374 1061 1425 1108 in
1457 1060 1805 1110 Friedemanni
1846 1064 1896 1110 et

207 1133 432 1182 Seebodii
455 1134 784 1183 Miscellaneis
817 1135 1001 1183 criticis
1025 1135 1050 1182 I
1072 1151 1120 1197 p.
1149 1135 1440 1183 637—650
1464 1137 1629 1183 varias
1659 1136 1894 1185 lectiones

203 1209 428 1270 protulit,
462 1224 589 1257 anno
626 1211 765 1258 1875
801 1210 1003 1270 contuli,
1035 1209 1120 1257 sed
1155 1211 1214 1257 ut
1244 1210 1429 1257 nullius
1468 1209 1616 1272 pretii
1647 1210 1710 1258 ab
1743 1226 1895 1273 appa-

202 1285 317 1330 ratu
349 1282 520 1331 critico
554 1283 751 1332 exclusi.

115 1370 200 1410 249
317 1358 400 1405 61.
431 1356 756 1405 Vaticanus
781 1375 851 1422 gr.
882 1359 1021 1406 1391
1047 1357 1448 1406 membranaceus
1473 1359 1661 1406 formae
1686 1361 1894 1421 quartae

205 1431 399 1479 saeculo
430 1431 529 1479 XII
558 1432 855 1480 nitidissime
887 1434 1119 1480 exaratus
1151 1434 1277 1480 teste
1308 1432 1630 1495 inscriptione
1660 1449 1785 1481 unus
1819 1428 1895 1482 ‘ex

203 1506 342 1554 libris
357 1498 410 1553 F
412 1507 566 1554 cclvii
591 1503 822 1555 Ursini'
844 1507 1065 1554 continet
1087 1506 1200 1554 inde
1226 1522 1256 1554 a
1272 1506 1392 1554 folio
1414 1509 1440 1554 1
1463 1522 1616 1569 usque
1636 1507 1698 1555 ad
1719 1508 1747 1554 6
1767 1507 1894 1556 hanc

203 1579 610 1628 declamationem
635 1580 739 1628 sine
764 1581 915 1628 titulo
948 1580 1034 1628 sed
1063 1580 1268 1643 praevia
1291 1580 1610 1642 inscriptione
1634 1580 1894 1646 Βούλευμα

202 1661 290 1703 τοῦ
322 1655 490 1702 σιντοῦ
522 1647 660 1720 (num
701 1657 864 1703 ortum
896 1670 921 1702 e
954 1660 1154 1719 σιγητοῦ
1197 1655 1273 1703 vel
1305 1653 1543 1720 σιγηλοῦῗ)
1582 1656 1642 1703 cf.
1675 1656 1778 1704 cod.
1799 1649 1891 1722 62)

313 1728 398 1777 fol.
434 1730 462 1776 7
498 1728 723 1793 λιβανίου
755 1735 993 1792 σοφιστοῦ
1026 1725 1374 1791 ἑπιστολιμαΐοι
1405 1723 1751 1797 χαρακτῆρεςῗ)

318 1805 386 1851 10
430 1798 462 1866 ’ἦ
510 1802 718 1862 διάλεξις
763 1809 851 1851 τοῦ
898 1801 1128 1868 διαλόγου
1176 1796 1272 1870 (=
1305 1803 1575 1866 Theophyl.
1610 1802 1785 1852 Simoc.
1818 1803 1890 1852 ed.

203 1876 425 1925 Boisson.
457 1893 504 1939 p.
533 1870 587 1942 1)

318 1952 385 1998 14
417 1946 448 2014 ἡ
482 1950 689 2010 διάλεξις
718 1957 806 2015 τῆς
838 1948 1065 2016 δευτέρας
1097 1948 1373 2015 ἀκροάσεως

318 2026 412 2073 14ν
441 2024 789 2088 Θεοφυλάκτου
815 2028 1129 2090 σχολαστικοῢ
1155 2025 1420 2089 σιμοκάτου
1445 2023 1691 2075 ἐπιστολαὶ
1714 2024 1891 2090 ἠθικαὶ

202 2096 478 2164 άγροικικαὶ
510 2097 766 2165 ἓταιρικαὶ·
807 2098 860 2149 τὸ
901 2096 952 2148 δὲ
991 2103 1227 2164 στοιχεῖον
1267 2097 1539 2148 ε’ντέτακται
1577 2099 1646 2159 εἰς
1683 2098 1891 2164 ἑκάστην

204 2171 475 2237 ἐπιστολήν.
538 2173 650 2222 Des.
684 2173 769 2222 fol.
797 2175 878 2222 24.

313 2247 525 2309 Inspexi.

116 2333 201 2373 250
317 2322 400 2369 62.
431 2321 874 2384 Neapolitanus
906 2321 997 2369 III
1027 2323 1069 2370 B
1104 2323 1177 2370 32
1213 2316 1431 2390 (CCLVI
1462 2323 1513 2370 in
1544 2322 1705 2370 indice
1731 2320 1887 2384 Cyri]-

203 2388 361 2462 liano)
395 2395 681 2445 chartaceus
719 2397 908 2444 formae
947 2396 1263 2445 duodecimae
1303 2397 1486 2446 saeculi
1515 2396 1633 2444 XVI
1672 2396 1890 2444 continet

204 2471 316 2531 post
357 2469 640 2531 Eunapium
673 2463 781 2534 (fol.
811 2464 1051 2536 1—109)
1085 2474 1135 2518 et
1166 2471 1415 2518 Theonem
1456 2470 1782 2533 Smyrnaeum
1820 2469 1889 2528 εἰς

204 2541 295 2607 τὴν
327 2543 593 2601 Πλάτωνος
623 2541 903 2609 ἀνάγνωσιν
936 2539 1044 2610 (fol.
1075 2539 1389 2610 112—219)
1420 2545 1534 2592 inde
1566 2560 1597 2592 a
1626 2543 1746 2593 folio
1781 2546 1884 2592 219

203 2617 330 2664 hanc
353 2616 760 2666 declamationem
785 2619 890 2665 sine
921 2619 1071 2666 titulo
1096 2618 1179 2667 sed
1204 2620 1408 2681 praevia
1430 2618 1748 2681 inscriptione
1772 2616 1887 2682 βού-

203 2693 356 2754 λευμα
386 2698 473 2739 τοῦ
505 2698 703 2756 σιγυτοῦ
735 2684 819 2757 (cf.
853 2691 956 2740 cod.
984 2685 1077 2758 61)

325 2803 366 2856 1)
401 2801 465 2846 cf.
499 2817 604 2846 ann.
638 2802 919 2846 Fleckeisen.
956 2807 1069 2847 1876
1100 2818 1144 2860 p.
1170 2807 1255 2847 497
1274 2818 1341 2859 sq.

323 2862 368 2918 2)
400 2860 466 2906 Of.
499 2861 555 2904 H.
587 2861 742 2905 Hinck
774 2862 927 2905 annal.
962 2862 1245 2909 Fleckeisen.
1280 2867 1392 2908 1869
1423 2878 1468 2922 p.
1495 2866 1593 2906 538.
1648 2860 1887 2907 Weichert

206 2919 277 2964 ed.
308 2919 443 2977 proll.
476 2935 521 2978 p.
546 2921 702 2967 XLHI.
