2010 3168
408 117 636 164 MOROSI
666 120 746 165 DE
781 119 984 166 UXORE
1016 119 1278 174 LOQUACI
1309 119 1591 174 QUERELA
1718 118 1826 171 543

139 256 229 312 καὶ
275 259 500 322 κόψεται
545 255 635 310 καὶ
681 259 1004 327 καταστήσει
1042 277 1136 325 μοι
1174 258 1277 326 τὴν
1315 257 1394 320 εἰς
1439 257 1540 310 τὸν
1577 255 1828 310 θάνατον

140 348 360 401 εἴσοδον
399 345 674 415 ἀλγεινήν.
714 346 925 401 ἀπέστω
967 347 1035 416 δὴ
1073 354 1169 414 τῆς
1207 348 1435 414 πόσεως,
1475 344 1703 398 ἀπέστω.
1743 347 1826 412 ζη-

138 437 294 490 τείτω
334 437 559 489 λίθινον
599 436 777 507 ἄνδρα
817 437 1131 506 δυνάμενον
1177 434 1421 504 ἐνεγκεῖν
1465 435 1566 503 τὴν
1614 433 1826 503 ἀηδίαν.

139 523 245 594 ἐγὼ
286 522 346 578 δὲ
387 523 449 578 ἐν
486 533 551 595 τῇ
592 533 659 595 γῇ
699 526 948 593 κείσομαι
986 524 1162 594 πάσης
1201 531 1391 593 φωνῆς
1432 523 1678 592 ἀνήκοος.

249 613 335 666 52.
368 612 510 667 “Ηδὺ
550 612 669 683 μέν,
711 611 752 667 ὦ
792 617 992 683 βουλή,
1030 622 1126 683 τῆς
1164 612 1384 676 ἀκτῖνος
1432 612 1734 666 ἀπολαύειν
1770 631 1828 665 τε

138 703 226 756 καὶ
273 710 518 772 τρυφᾶν,
540 756 544 761 ,
567 702 854 774 ἀποστερεῖ
902 701 966 756 δέ
1009 722 1075 772 με
1121 702 1334 755 τούτων
1372 702 1404 770 ἡ
1451 703 1594 770 γυνή
1665 708 1826 755 τοῦτο

137 791 238 861 μὲν
277 783 360 854 οἷς
398 801 558 860 ποιεῖ,
596 800 761 846 τοῦτο
803 789 864 845 δὲ
903 785 986 854 οἷς
1025 791 1229 862 δράσει.
1271 794 1554 860 λογίζομαι
1602 791 1706 860 γὰρ
1747 791 1827 853 τίς

136 878 288 934 ἔσται
327 881 427 950 τὴν
465 884 713 949 γλῶτταν
752 879 928 945 ἐπίτεξ
969 879 1255 950 γενομένη,
1294 881 1376 943 τίς
1411 877 1707 948 ὠδίνουσα,
1747 881 1828 942 τίς

137 977 383 1023 τεκοῦσα.
431 971 479 1023 εἰ
526 967 587 1023 δὲ
633 969 723 1023 καὶ
771 970 947 1023 πολλά
993 989 1087 1038 μοι
1133 968 1279 1023 τέκοι
1327 967 1416 1022 καὶ
1463 977 1634 1022 ταῦτα
1689 969 1826 1039 αὑτῇ

135 1061 487 1130 παραπλήσια
526 1060 616 1113 καὶ
658 1060 951 1113 δεικνύντα
991 1055 1055 1128 ἧς
1095 1058 1234 1127 ε’στι,
1274 1067 1389 1121 πῶς
1427 1056 1700 1128 βιώσομαι
1738 1057 1828 1127 με’-

139 1162 234 1211 σος
274 1148 596 1217 εἰλημμένος
634 1149 893 1202 τοιούτου
932 1156 1128 1218 χοροῦ;
1168 1149 1365 1201 διοίσει
1397 1148 1502 1218 γὰρ
1536 1146 1704 1202 οὐδέν
1734 1167 1829 1217 μοι

137 1239 199 1291 τὸ
248 1239 486 1291 οἰκίδιον
530 1247 642 1291 τῶν
690 1239 972 1307 λειμώνων
1028 1236 1088 1290 ἐν
1142 1230 1223 1300 οἷς
1261 1238 1327 1289 τὰ
1381 1234 1521 1306 ἔθνη
1575 1246 1687 1290 τῶν
1740 1236 1828 1306 ὀρ-

138 1328 320 1381 νίθων
358 1327 490 1394 μετὰ
529 1330 770 1396 κλαγγῆς
808 1328 1170 1397 περιίπταται.

250 1414 336 1469 53.
369 1414 542 1484 Ἰδού,
588 1418 767 1484 πόσην
811 1415 1119 1486 βέβλαμμαι
1163 1415 1391 1484 βλάβην.
1439 1417 1616 1469 πολλὰ
1666 1419 1828 1469 λαλῶ.

136 1513 231 1574 τῆς
284 1505 548 1574 γυναικὸς
597 1504 970 1573 ἀπολέλαυκα,
1022 1506 1235 1576 μακρὸν
1289 1503 1591 1558 ἀποτέτακα
1644 1507 1828 1574 λόγον.

139 1593 257 1648 ἀλλ’
319 1589 481 1657 οὗτος
533 1591 684 1648 ἔσται
739 1599 1062 1658 τελευταῖος.
1126 1595 1193 1648 οὐ
1250 1596 1355 1664 γὰρ
1409 1590 1483 1647 ἔτ’
1546 1591 1660 1647 οὔτ’
1723 1593 1828 1663 ἐγώ

137 1703 288 1747 τινος
327 1683 631 1752 ἀκούσομαι
672 1682 787 1737 οὔτ’
834 1684 998 1746 ἄλλος
1037 1683 1182 1754 ἐμοῦ.
1226 1684 1267 1737 ὣ
1299 1685 1582 1752 βελτίστης
1612 1682 1829 1754 ἡμέρας,

140 1770 183 1824 ὢ
225 1773 501 1842 φερούσης
541 1771 882 1844 ἐλευθερίαν.
924 1774 1108 1840 ἄπειμι
1141 1774 1288 1842 παρὰ
1320 1774 1452 1835 τοὺς
1482 1773 1646 1840 κάτω,
1684 1774 1831 1842 παρὰ

137 1863 269 1924 τοὺς
316 1861 381 1914 οὐ
431 1865 748 1924 λαλοῦντας.
800 1865 1178 1932 καταλήψομαι
1228 1871 1413 1932 χῶρον
1461 1863 1691 1931 ἡσυχίας
1743 1859 1830 1930 γέ-

138 1970 325 2019 μοντα.

260 2145 281 2183 1
316 2140 434 2184 Plat.
467 2141 641 2186 Phaed.
667 2157 710 2198 p.
739 2142 849 2185 6οΒ
971 2146 997 2185 s
1028 2142 1180 2185 Heu-,1
1207 2147 1372 2197 108‚1;
1407 2146 1548 2195 111,1
1674 2146 1727 2184 12
1760 2155 1827 2196 sq.

138 2198 189 2242 Il.
223 2200 266 2257 β,
298 2203 382 2243 459
402 2214 469 2256 sq.
601 2205 654 2244 15
686 2201 806 2246 Plat.
838 2201 959 2246 Prot.
993 2217 1037 2258 p.
1065 2200 1221 2256 33603
1256 2206 1339 2246 361
1359 2202 1420 2256 A;
1454 2201 1591 2258 Gorg.
1617 2216 1661 2257 p.
1688 2200 1828 2243 465E

263 2383 283 2421 1
319 2378 516 2434 κόψεται
549 2378 712 2436 scripsi
745 2378 850 2424 coll.
882 2378 1000 2423 Plat.
1035 2379 1120 2423 1.1.
1189 2377 1330 2436 κόψει
1362 2379 1472 2424 libri
1506 2379 1596 2423 edd
1717 2383 1742 2421 2
1776 2379 1827 2422 δὲ

147 2437 218 2481 Va
267 2441 273 2493 Ι
321 2435 496 2490 πόλεως
529 2438 580 2483 Ol
628 2440 635 2494 Ι
685 2435 771 2483 οὖν
813 2441 919 2496 post
961 2438 1144 2495 ζητείτω
1186 2441 1256 2484 Va
1399 2443 1427 2481 4
1469 2451 1580 2482 voce
1623 2438 1709 2495 ἐγὼ
1752 2437 1828 2482 inc

143 2497 203 2541 Cr
232 2496 310 2541 fol.
338 2501 415 2540 23v
459 2506 466 2553 Ι
501 2494 548 2541 δ’
579 2497 631 2541 Ol
751 2503 776 2542 5
808 2514 857 2543 τε
889 2513 963 2542 om
988 2499 1091 2544 Boz
1212 2503 1235 2542 7
1269 2497 1435 2554 δράσοι
1468 2498 1535 2542 Va
1560 2497 1641 2541 sed
1672 2497 1722 2540 in
1753 2511 1828 2541 ras

140 2555 209 2598 m²
247 2558 252 2613 Ι
294 2554 363 2606 τίς
388 2583 443 2588 -
468 2561 494 2600 8
527 2556 748 2614 γενομένη
780 2557 1048 2614 praemissis
1079 2558 1231 2601 verbis
1265 2556 1413 2611 ἐπίτεξ
1446 2556 1561 2614 γυνὴ
1592 2555 1769 2612 λέγεται
1799 2556 1827 2613 ἡ

141 2616 469 2671 ἐγκυμονοῦσα.
503 2617 728 2674 Λιβάνιος
758 2617 876 2660 citat
906 2617 1048 2661 Andr.
1074 2617 1249 2673 Lopad.
1274 2617 1361 2662 lex.
1388 2616 1586 2660 Vindob.
1612 2630 1657 2671 p.
1683 2620 1754 2669 92,
1774 2621 1827 2658 16

141 2674 212 2718 ed.
231 2673 396 2718 Nauck
518 2679 542 2717 9
568 2675 684 2733 αὐτῇ
709 2675 819 2720 libri
839 2676 930 2720 edd
1053 2681 1103 2720 11
1130 2677 1351 2721 τοσούτου
1372 2675 1423 2720 Ol
1544 2680 1597 2718 13
1623 2681 1827 2731 κραυγῆς

143 2761 195 2806 Ol
221 2763 227 2821 Ι
254 2761 635 2819 περιίπτανταιΒ
695 2764 993 2817 περιπέταται
1005 2765 1056 2810 ΟΖ
1171 2770 1224 2809 14
1240 2767 1388 2808 λαλῶν
1408 2765 1476 2808 Va
1591 2768 1643 2806 15
1661 2751 1827 2821 affiepbv

151 2822 208 2865 Vi
233 2822 240 2879 Ι
268 2820 486 2867 ἀπέτεινα
513 2823 564 2868 Ol
697 2827 750 2866 16
778 2824 887 2869 ἔστω
909 2823 961 2868 C'l
991 2826 1040 2869 et
1071 2839 1094 2867 e
1126 2823 1212 2867 Pal
1236 2828 1321 2868 356
1355 2823 1556 2866 Roether
1583 2825 1590 2879 Ι
1618 2820 1717 2867 οὔτ’
1753 2836 1825 2866 om

145 2880 344 2926 GrHVO
373 2881 483 2925 Feri·
513 2882 635 2927 Mol-¹
698 2880 803 2927 οὐδ’
835 2883 885 2927 Cl
1029 2888 1083 2927 17
1116 2883 1220 2928 οὔτε
1254 2883 1312 2927 Vi
1449 2886 1502 2925 18
1534 2882 1638 2936 περὶ
1673 2882 1784 2927 ViGl
1819 2882 1824 2939 Ι

141 2940 247 2994 περὶ
280 2942 337 2985 Vi
484 2946 535 2984 19
568 2939 737 2999 χωρίον
769 2955 793 2985 e
826 2942 909 2986 Pal
938 2947 1021 2986 356
1058 2942 1258 2986 Roether

1855 1079 1896 1110 10

1855 1523 1896 1556 15

1854 1968 1896 1999 20
