2010 3168
414 127 642 174 MOROSI
673 126 881 172 FILIUM
910 124 1271 171 ABDICANTIS
1304 124 1526 170 ORATIO
1708 123 1815 177 549

243 271 318 319 Ex
347 270 424 320 his
457 285 578 333 quos
609 271 663 318 in
695 283 893 318 censum
923 267 1169 317 vocandos
1210 282 1313 315 esse
1353 266 1469 314 duxi
1508 266 1698 315 codices
1735 281 1818 314 sex

132 347 192 394 H
197 346 288 393 VB
300 344 501 394 VaolM
542 359 709 392 rursus
755 344 808 390 in
847 342 969 390 duas
1017 340 1274 390 discedunt
1320 341 1558 397 familias,
1606 356 1817 402 quarum

130 419 268 483 prior
306 418 554 468 codicibus
587 418 706 479 HV,
754 418 910 465 altera
956 415 1203 464 codicibus
1237 414 1502 464 BVaClM
1537 416 1818 463 continetur

129 496 203 542 ita
233 496 399 542 tamen
426 496 484 540 ut
515 493 565 540 B
594 493 674 540 hic
709 507 904 554 quoque
936 490 1083 539 simul
1114 492 1215 539 vim
1248 489 1428 539 codicis
1460 489 1639 552 prioris
1669 490 1816 536 fami-

130 568 227 616 liae
260 569 487 630 expertus
523 567 602 616 sit.

240 641 628 691 Necessitudinis
661 643 827 689 autem
858 639 1112 688 vinculum
1138 655 1234 701 quo
1267 638 1450 702 singuli
1475 638 1663 687 codices
1687 638 1817 688 inter

129 732 180 766 se
211 715 464 765 coniuncti
495 717 610 764 sunt
639 715 732 764 hoc
762 714 855 763 tibi
886 712 1059 762 reddet
1089 715 1298 762 stemma

846 824 875 856 a

539 875 1358 1321 Ab

890 1327 928 1370 B
1048 1326 1121 1371 Va
1154 1325 1207 1371 cl
1335 1327 1384 1371 M

231 1444 291 1493 In
314 1447 602 1494 universum
634 1445 834 1508 quidem
863 1446 943 1494 hic
977 1462 1171 1509 quoque
1212 1447 1350 1509 prior
1379 1445 1572 1494 familia
1604 1445 1812 1495 alteram

123 1518 217 1567 fide
251 1521 466 1582 superat.
1511 1528 1514 1532 ’

233 1652 304 1701 Ut
327 1653 565 1715 codicum,
588 1654 662 1702 ita
694 1655 847 1703 etiam
878 1655 1275 1703 testimoniorum
1300 1656 1442 1717 copia
1464 1654 1623 1702 multo
1651 1655 1813 1702 minor

25 1788 27 1790 Ι
121 1727 196 1775 est
227 1743 377 1789 quam
407 1727 460 1776 in
492 1729 651 1777 altera
683 1728 926 1779 δυσκόλου
959 1729 1330 1777 declamatione.
1394 1728 1660 1777 Andreas
1702 1727 1809 1776 Lo-

120 1795 423 1868 padiotal)
455 1803 508 1850 in
538 1803 694 1852 lexico
727 1803 1096 1853 Vindobonensi
1130 1805 1368 1866 quinque,
1408 1803 1658 1851 Thomas
1690 1801 1810 1850 Ma-

120 1877 313 1939 gister
366 1875 512 1939 duOS,
570 1877 869 1927 Macarius
926 1870 1498 1944 Chrysocephalus2)
1553 1892 1671 1926 usus
1724 1876 1810 1925 ille

123 1949 319 2011 quidem
352 1951 517 2000 codice
548 1951 788 2001 secundae
819 1952 1041 2001 familiae
1071 1969 1225 2000 unum
1254 1952 1418 2001 locum
1449 1951 1689 2000 laudavit.

232 2023 542 2074 Declamatio
589 2026 641 2073 in
686 2026 844 2074 lucem
899 2029 1153 2088 protracta
1199 2028 1274 2075 est
1321 2043 1350 2075 a
1396 2026 1524 2074 Fed.
1556 2025 1807 2074 Morello

119 2096 293 2146 Liban.
319 2113 431 2161 opp.
457 2101 491 2147 t.
515 2099 542 2147 I
571 2117 618 2162 p.
648 2102 938 2150 792-—800
965 2094 1058 2166 (=
1084 2094 1214 2167 Mor)
1248 2116 1273 2149 e
1304 2100 1532 2148 Parisino
1565 2117 1636 2163 gr.
1664 2101 1806 2149 3014

119 2171 283 2220 codice
314 2174 494 2234 prioris
526 2174 762 2235 familiae,
794 2175 878 2223 sed
909 2175 1094 2236 passim
1119 2175 1283 2223 codice
1316 2174 1556 2224 secundae
1587 2173 1807 2222 familiae

118 2245 354 2294 adhibito.
420 2246 568 2296 Cuius
598 2251 788 2297 textum
821 2250 964 2298 valde
995 2249 1284 2298 mendosum
1315 2249 1566 2297 nonnullis
1597 2248 1717 2297 locis
1749 2265 1805 2295 ex

116 2319 337 2384 ingenio,
383 2321 609 2382 pluribus
652 2339 743 2385 ope
785 2323 967 2372 codicis
1012 2323 1191 2385 prioris
1238 2323 1458 2371 familiae
1497 2323 1804 2371 Monacensis

118 2410 190 2456 gr.
218 2396 284 2442 96
321 2395 604 2445 emendavit
634 2396 916 2446 Reiskius
949 2390 1043 2463 (=
1070 2391 1164 2464 Re)
1198 2413 1358 2460 neque
1393 2412 1516 2444 uxor
1546 2413 1670 2459 quae
1703 2396 1802 2444 edi-

117 2467 301 2516 tionem
334 2463 391 2535 (t.
417 2469 489 2516 IV
519 2487 567 2532 p.
595 2465 910 2538 612—621)
948 2473 1163 2533 curavit,
1201 2473 1259 2519 ut
1299 2472 1423 2520 alias
1463 2470 1674 2531 solebat,
1713 2470 1803 2518 has

118 2542 484 2591 emendationes
512 2546 564 2592 in
588 2547 733 2594 notas
766 2546 1030 2610 ablegavit,
1064 2546 1148 2593 sed
1179 2546 1229 2592 in
1262 2547 1402 2594 textu
1432 2545 1533 2593 fere
1567 2545 1801 2606 reposuit.

226 2616 394 2665 Pauca
419 2617 481 2665 ad
506 2620 698 2667 textum
723 2620 1064 2684 corrigendum
1090 2620 1407 2669 contulerunt
1437 2612 1800 2683 Iacobsius⁸)

118 2691 168 2737 et
200 2689 468 2740 Cobetus.

237 2833 279 2887 1)
312 2830 378 2876 cf.
411 2833 444 2876 t.
469 2832 490 2878 1
520 2847 566 2889 p.
592 2836 691 2876 238.
872 2836 916 2891 2)
950 2833 1014 2878 cf.
1049 2836 1082 2879 t.
1107 2834 1128 2877 1
1157 2850 1203 2891 p.
1230 2838 1312 2879 351
1333 2849 1400 2890 sq.
1494 2828 1497 2831 “

235 2891 278 2946 3)
312 2889 378 2935 cf.
410 2892 442 2934 t.
469 2891 490 2934 Ι
519 2906 564 2947 p.
593 2896 645 2935 ⁷7
679 2893 726 2935 et
755 2892 798 2936 V
828 2908 873 2949 p.
901 2898 999 2937 198.
