2010 3168
550 108 882 154 INVECTIVA
910 109 978 154 IN
1007 108 1269 154 AESCHIN
1270 109 1359 153 EM
1689 110 1797 163 237

98 246 297 316 ἀρετῆς
350 244 685 314 ἀναμνῆσαι;
746 245 924 298 ποίων
985 244 1383 314 ἀναθημάτων;
1444 248 1622 299 ποίων
1675 266 1800 310 τρο-

100 335 303 400 παίων;
341 335 518 387 ποίων
558 342 924 403 στρατηγιῶν;
972 331 1079 402 ἐγὼ
1129 331 1232 400 μὲν
1273 334 1374 402 οὐχ
1415 334 1526 403 ὁρῶ
1565 335 1711 403 πλὴν
1750 337 1802 388 εἰ

100 431 271 476 ταῦτα
317 421 475 486 ἄξιον
522 423 871 491 αἰδεσθῆναι,
924 423 1020 485 τὰς
1073 422 1244 485 πέδας
1297 429 1396 476 τοῦ
1451 424 1656 493 πατρὸς
1708 423 1800 477 καὶ

98 512 198 564 τὸν
244 511 435 564 κλοιὸν
481 518 574 580 τῆς
622 512 826 582 μητρὸς
870 509 962 565 καὶ
1007 513 1139 574 τοὺς
1187 509 1422 580 ἐμβάτας
1469 514 1671 566 τούτου
1711 513 1804 566 καὶ

98 600 166 653 τὰ
204 598 310 653 ἀπὸ
349 609 463 653 τῶν
501 605 723 653 θεατῶν
760 601 1045 670 τραύματα
1083 599 1173 653 καὶ
1214 601 1316 672 τὴν
1356 600 1645 655 ἀναίδειαν
1682 605 1799 655 Κυ-

1848 623 1868 654 5

99 691 374 758 ρηβίωνος
411 687 503 741 καὶ
540 690 639 758 τὴν
673 693 680 754 Ι
715 692 984 757 πορνείαν
1015 691 1238 743 Νικίου.
1279 690 1489 743 οὐκοῦν
1529 686 1620 743 οὗ-
1668 695 1789 740 RIII
1804 701 1891 739 432

99 797 184 831 τοι
222 778 324 845 μὲν
361 779 733 847 κρυπτόμενοι
772 781 984 848 μᾶλλον
1022 777 1055 846 ἢ
1090 779 1407 841 δεικνύντες
1438 779 1643 842 αὑτοὺς
1673 788 1798 833 τοῦ-

97 886 200 920 τον
237 866 308 919 ἂν
355 866 647 936 ὠφελοῖεν,
693 866 818 936 περὶ
867 864 927 920 δὲ
972 877 1084 920 τῶν
1130 867 1576 937 πολιτευομένων
1624 867 1800 922 ἐκεῖνο

99 955 261 1023 λέγω·
302 955 797 1009 παυσάσθωσαν
835 957 951 1025 τὴν
990 953 1106 1026 μὲν
1144 959 1344 1010 πόλιν
1378 959 1620 1026 μικρὰν
1657 976 1801 1010 ποι-

96 1052 354 1113 οῦντες,
395 1047 551 1107 τοὺς
591 1046 661 1098 δὲ
698 1046 1056 1113 πολεμίους
1094 1046 1444 1115 μεγάλους,
1485 1046 1566 1108 ὡς
1609 1044 1678 1098 ἐν
1716 1052 1798 1118 τῷ

96 1135 335 1202 ταύτης
373 1133 643 1203 μεγέθει
682 1139 936 1204 μᾶλλον
975 1133 1053 1188 ἂν
1091 1135 1591 1205 θεραπεύοιντο.

212 1223 297 1276 82.
347 1223 461 1275 Καὶ
507 1225 618 1292 μὴν
664 1223 887 1277 κάκεῖνο
930 1224 1134 1287 αὐτοὺς
1181 1223 1437 1294 ἐρωτᾶτε·
1490 1223 1678 1293 ὑμεῖς
1732 1221 1801 1276 δὲ

94 1317 638 1380 πυλαγοροῦντες
678 1311 1005 1382 ἑσιγήσατ’
1053 1312 1132 1365 ἂν
1171 1313 1204 1382 ἢ
1244 1313 1342 1383 οὔ;
1380 1312 1414 1382 ἢ
1455 1313 1559 1382 γὰρ
1599 1315 1804 1376 κακοὺς

96 1403 263 1463 ὄντας
303 1402 560 1472 εὑρήσετε
610 1402 701 1454 καὶ
749 1403 926 1474 τούτῳ
974 1404 1352 1471 προσομοίους
1389 1401 1422 1470 ἢ
1462 1403 1803 1471 κατηγόρους

98 1491 398 1559 Αἰσχίνου,
448 1491 509 1554 ὃς
556 1491 816 1554 δελεάσας
861 1492 961 1544 τὸν
1011 1492 1190 1559 δῆμον
1229 1493 1415 1560 λόγοις
1455 1489 1516 1544 ἐν
1559 1490 1802 1561 Ἀρκαδία

96 1579 357 1648 ῥηθεῖσιν
413 1575 575 1649 εὗρεν
631 1574 711 1633 ὧν
774 1579 1034 1649 ἐβούλετο
1093 1581 1254 1649 μείζω
1325 1581 1416 1633 καὶ
1476 1580 1800 1642 πιστευθεὶς

217 1729 242 1767 3
276 1739 343 1780 sq.
370 1724 427 1769 cf.
459 1727 493 1770 t.
517 1725 582 1770 IV
604 1740 651 1782 p.
670 1729 771 1781 975,
790 1732 815 1770 3
834 1741 902 1782 sq.
921 1726 975 1770 R.
1009 1726 1140 1771 Dem.
1174 1740 1265 1770 cor.
1297 1741 1342 1783 p.
1371 1730 1480 1781 270,
1499 1730 1523 1768 ⁷
1542 1740 1610 1782 sq.
1642 1725 1799 1782 Apoll.

96 1783 315 1828 Aeschin.
334 1799 380 1841 p.
399 1788 478 1838 4‚5
602 1791 627 1829 5
646 1785 703 1829 ef.
721 1787 755 1829 t.
773 1785 837 1830 IV
854 1790 955 1840 975,
968 1790 1022 1829 13
1039 1786 1081 1828 R
1202 1790 1227 1829 6
1246 1786 1304 1830 ef.
1321 1788 1355 1829 t,
1373 1785 1438 1829 IV
1452 1800 1499 1842 p.
1518 1785 1797 1841 975‚9sq.R.

97 1843 227 1888 Dem.
260 1843 365 1886 fals.
398 1843 487 1900 leg.
521 1859 565 1901 p.
592 1849 695 1900 433,
714 1849 769 1889 18
787 1859 854 1902 sq.
979 1850 1032 1889 15
1067 1844 1124 1890 cf.
1158 1846 1191 1889 t.
1216 1845 1281 1889 IV
1306 1849 1406 1901 976,
1426 1850 1478 1889 11
1498 1845 1540 1890 R
1557 1860 1623 1901 sq.
1666 1844 1797 1889 Dem.

96 1902 202 1947 fals.
234 1902 326 1960 leg.
358 1918 404 1959 p.
432 1907 531 1959 344,
553 1909 606 1947 12
626 1919 693 1960 sq.

219 2043 242 2081 1
275 2034 516 2093 τροπαίων
541 2039 588 2081 et
613 2043 638 2081 2
673 2045 957 2094 στρατηγιῶν
982 2037 1051 2081 Re
1110 2037 1298 2094 τρόπων
1322 2040 1370 2082 et
1394 2045 1663 2094 στρατηγῶν
1687 2037 1798 2081 libri

98 2095 198 2140 Mor
319 2102 344 2140 3
379 2096 488 2150 ἄξια
515 2097 604 2140 Μα
724 2102 751 2139 4
782 2104 874 2141 τῶν
905 2099 1073 2141 κλοιῶν
1099 2099 1145 2142 Ρ
1171 2098 1273 2142 Mor
1394 2101 1420 2140 5
1452 2101 1639 2141 θεατῶν
1668 2097 1736 2141 Re

98 2154 314 2211 θεάτρων
345 2155 456 2199 libri
487 2156 590 2199 Mor
638 2158 644 2212 Ι
693 2157 774 2200 καὶ
805 2156 890 2213 τὴν
921 2155 1171 2201 ἀναίδειαν
1202 2171 1280 2200 om
1302 2157 1398 2202 Ath
1443 2158 1449 2212 Ι
1493 2155 1798 2212 Κυρηβίωνος

99 2215 265 2271 scripsi
340 2213 631 2281 κηρυβίωνος
661 2215 772 2259 libri
833 2217 1122 2273 κηρυβιῶνος
1153 2216 1244 2260 edd
1389 2221 1414 2259 6
1446 2213 1678 2270 πρόνοιαν
1702 2215 1797 2260 Ath

102 2278 105 2328 Ι
143 2271 272 2318 οὗτοι
311 2275 476 2331 scripm
516 2287 573 2317 ex
596 2275 783 2320 AthMa
823 2275 904 2319 sed
943 2275 994 2318 in
1032 2275 1121 2319 hoe
1159 2276 1209 2319 in
1247 2290 1321 2319 ras
1360 2274 1430 2318 m²
1473 2289 1578 2319 cum
1619 2274 1793 2318 Cobeto

97 2332 199 2377 Coll
223 2338 309 2376 274
384 2333 455 2378 ὅτι
480 2335 526 2378 Ρ
553 2334 633 2377 sed
667 2330 796 2378 οὗτοι
827 2334 876 2378 in
907 2348 1043 2391 marg
1071 2334 1156 2389 m',
1188 2334 1280 2378 edd
1312 2334 1394 2378 sed
1419 2339 1547 2391 „post
1570 2334 1796 2390 ὠφελοῖεν

94 2393 242 2437 deesse
256 2393 436 2438 videtur
452 2391 602 2437 ἐάσω“
615 2393 684 2437 Re
806 2398 829 2436 ’ἴ
849 2394 1020 2445 αὐτοὺς
1035 2393 1146 2438 libri
1162 2393 1254 2438 edd
1377 2398 1432 2437 10
1448 2391 1678 2448 πολέμους
1694 2392 1796 2436 Μοι·

218 2456 271 2495 11
297 2451 473 2496 τούτων
498 2452 565 2495 Re
588 2452 728 2496 Anim
755 2454 762 2509 Ι
791 2451 820 2496 ἃ
845 2454 988 2498 AthP
1105 2458 1159 2496 12
1184 2453 1374 2498 κάκεῖνο
1398 2452 1586 2509 reposui
1610 2466 1635 2496 e
1659 2451 1793 2495 libris

156 2509 403 2562 κάκείνους
421 2511 512 2554 edd
572 2510 764 2556 κάκεῖνό
782 2527 832 2569 γε
850 2511 996 2556 Cobet
1023 2514 1028 2569 Ι
1059 2512 1253 2562 ἑαυτοὺς
1270 2514 1317 2557 Ρ
1338 2514 1344 2569 Ι
1373 2512 1569 2567 ἐρωτᾶτε
1586 2511 1751 2567 scripsi
1769 2524 1794 2555 e

100 2570 188 2613 Ma
208 2584 314 2614 eum
332 2569 505 2614 Cobeto
569 2569 800 2625 ἑωράκατε
817 2572 958 2616 AthP
979 2571 1061 2615 sed
1092 2572 1141 2614 in
1165 2571 1253 2616 hoe
1277 2588 1332 2627 γρ
1357 2572 1555 2626 ἐρωτᾶτε
1585 2570 1634 2613 in
1659 2583 1795 2642 marg

94 2628 180 2683 ιη’,
198 2629 290 2672 edd
411 2634 465 2672 13
491 2627 722 2685 ἐσιγήσατ’
743 2628 804 2675 ἂν
819 2627 848 2685 ἢ
865 2630 942 2684 οὕς
968 2630 1134 2687 scripsi
1151 2644 1257 2674 eum
1273 2629 1448 2675 Cobeto
1510 2628 1747 2686 ἐσιγήσατε
1763 2646 1792 2684 η

96 2687 167 2732 οὔ.
200 2687 310 2732 libri
345 2688 437 2732 edd
560 2692 615 2731 14
646 2686 763 2744 πρὸς
793 2687 984 2746 ὁμοίους
1008 2690 1098 2733 Μα
1220 2694 1275 2734 15
1307 2686 1530 2747 Αἰσχίνου
1557 2689 1743 2745 reposui
1768 2701 1792 2731 e

96 2745 231 2790 libris
263 2747 345 2791 sed.
377 2763 432 2791 ov
464 2747 513 2791 in
537 2761 613 2791 ras
640 2747 751 2792 Ma'
835 2747 1090 2806 Αἰσχίνους
1119 2749 1212 2792 edd
1245 2748 1327 2792 sed
1358 2745 1604 2805 ,,αἰσχίνου
1634 2748 1793 2791 malim

97 2811 150 2850 ut
179 2808 425 2851 usitatius“
449 2805 519 2850 Re
642 2811 696 2851 16
728 2807 807 2851 καὶ
839 2809 948 2852 ante
979 2808 1248 2858 πιστευθεὶς
1277 2807 1428 2863 posui,
1458 2809 1566 2863 post
1589 2804 1791 2851 ἀπέδοτο

98 2863 208 2908 libri
240 2865 333 2909 edd
365 2866 447 2910 sed
478 2866 585 2920 post
615 2867 882 2916 πιστευθεὶς
913 2867 1131 2923 copulam
1163 2867 1323 2910 deesse
1352 2867 1434 2922 („e.
1459 2880 1494 2910 c.
1523 2864 1553 2908 ἃ
1577 2871 1662 2909 aut
1692 2861 1791 2909 εἶτα

100 2924 167 2967 vel
196 2925 344 2968 simile
374 2924 531 2980 quid“)
564 2925 612 2968 et
649 2925 730 2968 καὶ
768 2928 876 2980 post
915 2924 1118 2970 ἀπέδοτο
1158 2925 1410 2970 delendum
1450 2924 1693 2968 adnotavit
1722 2923 1791 2966 Re

1825 1067 1869 1100 1⁰

1827 1511 1869 1545 15
