2010 3168
509 125 839 171 INVECTIVA
870 125 936 168 IN
966 125 1228 171 AESCHIN
1230 125 1319 169 ΕΜ
1337 179 1341 183 ι
1650 125 1717 178 19
1727 127 1752 177 I

70 269 322 318 Parisinus
360 268 495 316 solus
541 267 592 314 in
623 268 763 314 textu
804 263 1238 329 πεπολιτευμένον,
1285 267 1335 313 in
1377 267 1600 329 margine
1641 283 1763 315 vero

69 362 127 408 γρ
157 338 586 407 πεπονηρευμένον
617 340 835 403 praebet.

179 417 239 464 In
277 415 491 464 editione
539 417 709 462 autem
754 414 1098 476 praeparanda
1137 413 1402 461 Morellum
1447 430 1546 462 non
1594 414 1763 463 codice

70 493 178 554 ipso
199 491 255 552 P,
280 489 363 537 sed
395 489 681 552 apographo
710 487 841 550 quod
872 487 1036 536 codice
1060 488 1284 536 Parisino
1311 489 1452 536 2535
1478 487 1761 536 continetur

70 580 212 613 usum
249 579 354 612 esse
394 563 737 611 demonstrant
775 565 910 610 certa
958 562 1200 624 quaedam
1239 562 1418 610 menda
1462 562 1598 610 illius
1642 578 1754 624 apo—

68 638 248 702 graphi
282 637 485 699 propria
525 637 794 698 eademque
824 638 878 683 in
910 636 1124 684 editione
1155 636 1451 684 Morelliana
1481 636 1768 698 conspicua,

68 714 127 760 ut
156 728 204 773 p.
232 713 352 772 199,
373 712 438 758 16
481 707 533 759 δὲ
578 714 693 773 post
732 703 897 771 οὗτος,
927 727 973 772 p.
1005 711 1124 771 198,
1147 711 1211 758 15
1234 703 1474 773 Ἀθήναζε
1507 711 1639 773 quod
1670 726 1768 772 pro

68 783 271 835 ἐνθένδε
301 801 456 832 manu
478 786 750 833 recentiore
784 800 909 846 quae
939 785 1065 832 mihi
1086 777 1284 832 Morelli
1315 784 1516 832 videtur
1546 785 1598 831 in
1628 800 1761 832 mar-

69 861 182 924 gine
214 859 430 908 Parisini
463 860 604 907 2535
637 861 856 921 positum
889 860 975 906 est.
988 853 1029 924 1)

179 933 503 982 Diversarum
533 948 650 981 vero
681 933 952 985 lectionum
983 948 1245 980 numerum
1275 933 1563 994 respicienti
1584 932 1768 980 Morel·

68 1008 172 1055 lum
202 1009 489 1070 saepissime
520 1007 745 1071 vestigiis
776 1007 958 1055 codicis
989 1006 1294 1054 Danaesiani
1334 1022 1432 1069 quo
1465 1022 1555 1069 pro
1586 1006 1765 1054 funda-

70 1083 236 1130 mento
274 1097 393 1130 usus
435 1084 510 1130 est
546 1081 733 1130 relictis
783 1081 1121 1144 apographum
1162 1080 1443 1129 Par-isinum
1483 1082 1623 1143 sequi
1659 1096 1763 1128 ma-

67 1156 218 1204 luisse
249 1158 470 1218 apparet.

181 1230 360 1277 Menda
393 1229 570 1292 quibus
601 1230 724 1277 haec
756 1229 908 1277 editio
949 1232 1107 1277 scatet
1143 1230 1363 1291 plurima
1394 1229 1562 1278 divino
1605 1244 1771 1291 paene·

0 1320 1 1351 3
71 1306 295 1352 acumine
313 1305 490 1366 quovis
507 1304 730 1352 codicum
747 1303 929 1351 auxilio
947 1304 1118 1365 privus
1134 1303 1384 1351 Reiskiu
1395 1318 1416 1351 s
1433 1297 1527 1370 (=
1539 1297 1634 1369 Re)
1653 1319 1763 1351 cum

69 1377 567 1426 Animadversionum
590 1377 1061 1426 hbroV448—462
1076 1380 1183 1425 tum
1207 1377 1339 1426 notis
1355 1377 1514 1425 textui
1531 1376 1772 1425 subiectis-

71 1452 287 1514 sustulit,
326 1452 412 1500 sed
448 1468 573 1500 uxor
611 1453 714 1500 eius
752 1452 945 1499 ratione
978 1451 1037 1500 de
1085 1467 1184 1513 qua
1214 1469 1261 1514 p.
1297 1454 1325 1500 6
1361 1451 1465 1498 dixi
1495 1451 1763 1499 editionem

70 1529 106 1574 t.
131 1526 209 1574 ΠΙ
239 1543 286 1588 p.
314 1527 604 1574 396—-433
630 1525 827 1587 prodire
858 1525 1018 1573 iussit.
1080 1525 1419 1574 Nihilominus
1451 1525 1653 1573 Weisk
1669 1525 1773 1572 ius-

0 1620 3 1665 3
73 1594 172 1667 (De
195 1600 464 1662 hyperbole
485 1617 706 1648 errorum
722 1601 775 1648 in
790 1599 998 1648 historia
1015 1599 1238 1662 Philippi
1252 1600 1502 1661 Amyntae
1525 1599 1616 1647 filii
1634 1615 1763 1647 com-

0 1670 4 1695 ³
71 1674 332 1723 missorum
357 1675 596 1738 genitrice
619 1677 747 1736 part.
765 1673 943 1721 Ι-ΙΠ
965 1672 1166 1735 Lipsiae
1187 1667 1600 1740 1818—1819),
1620 1674 1765 1735 quasi

0 1774 5 1797 ι
71 1747 351 1810 Lipsienses
384 1748 584 1797 Reiskio
615 1750 731 1797 vivo
763 1748 981 1796 nondum
1016 1750 1138 1796 satis
1171 1748 1541 1809 detrectassent,
1573 1763 1775 1795 summa.

71 1822 254 1870 iniuria
278 1822 336 1870 de
362 1838 513 1885 opera
537 1822 710 1870 critica
733 1822 795 1870 ab
819 1822 908 1870 illo
932 1824 985 1870 in
1015 1822 1108 1870 hac
1139 1821 1497 1870 declamatione
1522 1822 1765 1870 collocata

71 1897 200 1944 male
238 1896 457 1944 iudicare
497 1911 646 1945 ausus
689 1899 778 1944 est.
790 1890 830 1962 2)
902 1895 1016 1958 Ipse
1056 1911 1211 1958 aeque
1252 1899 1401 1958 atque
1442 1895 1572 1944 Sint
1583 1897 1708 1943 enis
1719 1889 1772 1961 3)·

71 1986 231 2033 pauca
249 1970 313 2017 ad
328 1973 520 2018 textum
537 1970 882 2035 corrigendum
899 1970 1124 2032 contulit,
1133 1971 1294 2019 multo
1310 1971 1458 2033 plura
1469 1970 1548 2017 Fr.
1558 1969 1583 2017 I
1593 1969 1735 2018 acob
1745 1995 1763 2003 —

73 2045 166 2092 siu
177 2038 268 2111 s4),
302 2047 391 2106 qui
417 2048 583 2093 mense
609 2043 813 2093 Octobri
837 2045 955 2092 anni
983 2047 1007 2092 1
1018 2045 1048 2092 8
1058 2048 1081 2092 1
1094 2046 1123 2092 3
1156 2045 1385 2108 perlegit,
1417 2047 1468 2092 et
1494 2043 1529 2092 G
1539 2060 1567 2092 o
1579 2043 1608 2091 b
1618 2046 1717 2091 etu
1727 2059 1762 2091 s.

194 2157 237 2211 1)
267 2155 380 2199 Inde
413 2155 538 2212 quod
569 2155 790 2199 Morellus
827 2155 1080 2199 editionem
1110 2155 1296 2199 Libanii
1327 2154 1504 2199 faciens
1536 2156 1582 2199 P
1608 2154 1760 2211 ipsum

73 2214 287 2258 manibus
309 2228 403 2258 non
426 2214 591 2268 tenuit,
617 2214 878 2271 explicatur
900 2214 1264 2258 declamationes
1289 2212 1383 2271 Cep
1385 2213 1483 2258 hali
1515 2216 1563 2257 et
1585 2214 1764 2258 Aristo—

73 2274 262 2330 phontis
294 2275 356 2330 (p.
383 2278 467 2318 110
485 2275 571 2330 sq.)
602 2273 691 2318 hoc
731 2273 891 2318 codice
930 2273 1288 2329 comprehensas
1327 2274 1388 2317 ab
1429 2274 1527 2317 eius
1558 2273 1763 2317 editione

74 2333 248 2376 abesse.
310 2333 371 2376 Et
402 2333 726 2389 apographum
757 2332 857 2389 ipse
890 2332 1153 2390 significare
1185 2333 1371 2377 videtur
1409 2347 1513 2376 cum
1551 2332 1601 2376 in
1631 2345 1763 2389 prae-

74 2391 250 2435 fatione
289 2393 484 2448 eaeceptis
520 2391 676 2447 inquit
706 2393 980 2436 Aetionibus
1016 2393 1289 2448 quibusdam
1327 2392 1642 2437 Demosthenis
1683 2406 1763 2436 no·
1769 2420 1771 2422 -

77 2452 194 2495 mine
215 2453 479 2506 praetextis,
510 2466 707 2508 quarum
737 2452 940 2506 exempla
971 2465 1026 2496 ex
1061 2457 1315 2508 pervetusto
1342 2451 1447 2495 Cod.
1474 2465 1610 2495 mnsc.
1635 2465 1764 2507 quem

75 2509 343 2566 (delendum
352 2512 389 2566 ‘?)
413 2511 543 2555 nobis
566 2510 812 2555 liberaliter
835 2512 1047 2555 concessit
1065 2510 1110 2554 G.
1132 2512 1180 2555 V.
1200 2512 1268 2555 10.
1295 2511 1485 2556 Veillart
1501 2511 1610 2568 Rey.
1633 2510 1762 2554 Cons.

194 2571 236 2625 2)
269 2567 336 2672 ἓξ.
368 2569 630 2684 ap11·.tp11p.
657 2573 698 2613 8.
725 2573 794 2613 13.
827 2571 948 2626 part.
973 2569 1038 2612 III
1067 2584 1111 2626 p.
1139 2573 1179 2614 8.

95 2703 98 2706 ’
193 2691 240 2732 4>
272 2686 338 2731 Cf.
370 2690 404 2730 t
425 2687 516 2743 Ip.
546 2691 622 2740 76ς
652 2687 686 2730 t.
704 2685 747 2728 V
770 2701 814 2743 p.
835 2690 933 2730 198.
982 2686 1168 2731 Partem
1201 2700 1360 2731 earum
1393 2686 1762 2731 coniecturarum

17 2750 19 2755 ’
77 2759 190 2801 quas
214 2745 293 2790 hic
318 2745 628 2790 Lectionum’
661 2744 780 2789 libro
812 2746 1116 2814 mandaverat
1146 2760 1251 2790 cum
1282 2746 1529 2789 nonnullis
1552 2745 1657 2789 aliis
1689 2745 1760 2788 Fr.

77 2802 297 2848 Duebner
340 2804 496 2848 Revue
545 2805 602 2848 de
647 2803 876 2862 philologi
879 2818 904 2848 e
949 2807 981 2848 t.
1015 2805 1058 2849 11
1102 2805 1292 2848 Parisiis
1335 2809 1446 2849 1847
1490 2819 1535 2860 Ρ.
1568 2809 1654 2848 426
1672 2819 1761 2859 sq.:

78 2861 395 2917 „Coi-rectione
426 2863 626 2907 ineditos
658 2863 715 2906 de
747 2863 830 2906 Mr.
828 2820 935 2907 Fr.
960 2863 1001 2907 J.
1035 2865 1152 2908 dans
1191 2864 1258 2908 les
1298 2863 1632 2907 declamatione
1671 2876 1763 2918 que

77 2896 297 2965 fiibanius
336 2935 364 2965 a
402 2922 542 2966 mises
591 2922 706 2965 dans
753 2922 800 2965 la
845 2922 1026 2966 bouche
1074 2923 1131 2966 de
1178 2923 1516 2967 Demosthene“
1549 2924 1623 2978 (=
1647 2921 1767 2976 Rev)

77 2979 255 3035 publici
284 2980 410 3023 iuris
429 2981 555 3024 fecit.
