2010 3168
172 113 280 166 636
639 112 867 156 LIBANII
897 111 1287 157 DECLAMATIO
1319 112 1448 156 XXX

170 252 553 319 ταλαιπωρεῖν.
614 247 799 317 ἕτερος
851 248 1029 316 ἥττων
1084 249 1376 318 χρημάτων
1429 249 1520 301 καὶ
1580 250 1647 302 τὰ
1701 250 1869 302 λοιπὰ

170 335 357 404 γέλως,
389 342 464 408 τῷ
491 333 551 389 δὲ
583 339 680 403 μία
712 337 926 405 σπουδὴ
959 335 1238 406 στέφανον
1268 335 1323 400 ἐξ
1348 335 1644 405 Ὀλυμπίας
1675 339 1871 405 λαβεῖν

170 425 261 478 καὶ
298 432 404 487 πᾶς
443 425 591 496 αὐτῷ
630 426 849 493 χρυσός,
888 426 936 477 εἰ
975 425 1114 494 πρὸς
1150 426 1250 478 τὸν
1287 427 1511 479 κότινον
1550 424 1869 495 ἐξετάζοιτο,

169 517 395 582 φαῦλος.
454 513 540 565 32.
580 513 722 566 οὕτω
772 513 840 581 δὴ
886 511 978 567 καὶ
1023 515 1162 581 πρὸς
1199 515 1265 567 τὰ
1314 513 1715 584 δυσχερέστατα
1753 523 1870 567 τῶν

124 623 145 656 5
168 601 504 671 πραγμάτων
557 600 783 671 ἔχουσιν
837 604 1144 669 ἄνθρωποι.
1205 612 1321 665 τοῖς
1380 603 1482 670 μὲν
1544 604 1869 656 δεινότατον

169 686 311 743 εἶναι
359 691 511 744 δοκεῖ
557 693 733 760 φυγή,
788 699 903 754 τοῖς
949 688 1011 743 δὲ
1058 690 1271 760 ἀτιμία,
1326 701 1442 754 τοῖς
1484 691 1545 744 δὲ
1585 693 1868 760 δήμευσις,

167 789 283 842 τοῖς
322 776 383 832 δὲ
421 781 483 833 τὸ
524 777 805 848 δεδέσθαι,
843 788 960 842 τοῖς
999 776 1059 832 δὲ
1097 781 1313 833 παίδων
1350 779 1610 848 θάνατος,
1649 789 1763 843 τοῖς
1803 777 1866 833 δὲ

167 868 230 920 τὸ
269 873 651 938 πεπηρῶσθαι.
698 866 789 920 καὶ
835 868 1007 921 ταύτὰ
1053 870 1183 931 τοὺς
1231 866 1335 936 μὲν
1381 866 1598 922 ἔπεισεν
1645 869 1718 932 ὡς
1762 868 1869 922 οὐκ

169 955 323 1020 ἄξιον
373 959 490 1026 ζῆν,
543 959 674 1019 τοὺς
724 957 787 1010 δὲ
840 957 916 1020 ὡς
970 956 1057 1010 ἐπὶ
1112 958 1347 1026 κούφοις
1394 958 1465 1027 μὴ
1514 958 1865 1027 τεταράχθαι,

101 1067 146 1100 10
171 1043 259 1098 σοὶ
301 1045 488 1097 δεινὸν
528 1044 772 1113 ἀποβολὴ
812 1046 1047 1113 παίδων,
1086 1044 1207 1112 ἐμοὶ
1247 1042 1308 1098 δὲ
1338 1048 1586 1114 γείτονος
1624 1047 1870 1115 εὐτυχία,

170 1131 335 1205 ἑτέρῳ
373 1142 529 1203 χεῖρα
569 1133 1008 1204 ἀποτετμῆσθαι,
1057 1133 1178 1204 ἐμοὶ
1223 1144 1511 1204 παροικεῖν
1562 1136 1864 1204 εὐδαίμονι.

169 1222 254 1274 33.
295 1224 369 1291 μή
407 1242 501 1289 μοι
540 1222 832 1291 νομοθέτει
871 1224 1019 1276 τίσιν
1058 1222 1252 1291 ἀλγεῖν
1299 1222 1476 1292 ἄξιον,
1520 1222 1635 1276 ἀλλ’
1683 1223 1869 1293 εὑρὼν

170 1309 253 1380 ἐφ’
309 1309 524 1382 ὁτῳοῦν
578 1310 857 1379 ἀλγοῦντα
911 1312 1143 1380 μετάδος
1194 1319 1290 1380 τῆς
1337 1315 1616 1381 βοηθείας.
1666 1311 1698 1380 ἢ
1747 1321 1866 1374 πῶς

169 1399 236 1452 οὐ
285 1399 538 1468 σχέτλιον
590 1397 684 1467 ἐμὲ
736 1397 840 1467 μὲν
891 1406 968 1472 τῷ
1006 1401 1176 1453 πάθει
1215 1400 1525 1467 πιέζεσθαι,
1576 1402 1637 1454 τὸ
1679 1397 1740 1453 δὲ
1789 1404 1866 1472 τῷ

101 1510 144 1544 16
167 1489 477 1541 πεπονθότι
526 1488 663 1557 μέγα
709 1489 910 1558 μικρὸν
955 1499 1071 1552 τοῖς
1117 1489 1384 1543 ἀκούουσι
1424 1490 1632 1558 δοκεῖν,
1681 1489 1865 1558 ὥσπερ

169 1575 240 1630 ἂν
293 1581 350 1629 εἴ
394 1596 476 1639 τις
529 1577 629 1629 τὸν
681 1574 772 1630 ὑπ’
835 1579 998 1646 ἔχεως
1060 1577 1404 1647 δεδηγμένον
1462 1577 1671 1648 ἀφέντα
1723 1579 1868 1645 βοᾶν

289 1712 314 1750 2
349 1707 405 1751 cf.
438 1707 761 1762 t.11541‚18;
793 1707 857 1751 ΠΙ
881 1712 1025 1762 217’,6

290 1830 315 1869 3
347 1833 445 1876 πῶς
479 1827 520 1871 V
549 1828 556 1882 Ι
592 1823 705 1870 αὐτὸ
738 1842 788 1882 γε
815 1828 899 1870 Mo
938 1827 943 1884 Ι
978 1827 1086 1882 post
1117 1823 1285 1885 χρυσός
1314 1840 1390 1870 ras
1425 1830 1449 1870 5
1481 1827 1562 1870 litt
1593 1826 1779 1883 (ἐστὶνῗ)
1810 1825 1866 1870 ΟΖ

173 1885 179 1943 Ι
214 1884 334 1928 κατὰ
360 1885 412 1929 Ol
555 1890 582 1928 4
621 1898 778 1929 versus
811 1884 928 1929 οὕτω
970 1883 1022 1929 δὲ
1056 1884 1113 1942 δὴ
1146 1886 1226 1929 καὶ
1257 1886 1374 1941 πρὸς
1405 1885 1462 1929 τὰ
1487 1883 1815 1943 δυσχερέστερα
1852 1887 1858 1942 Ι

167 1951 260 1988 τῶν
287 1943 572 2001 πραγμάτων
605 1943 789 2001 ἔχουσιν
821 1943 1106 1998 ἅνθρωποιι·
1142 1947 1274 1990 δοκεῖ
1298 1946 1304 2004 Ι
1331 1952 1428 1995 τοῖς
1451 1946 1534 2001 μὲν
1561 1944 1685 2001 φυγὴ
1711 1942 1864 1988 δεινό-

168 2019 310 2048 τατον
342 1999 476 2056 εἶναι,
508 2010 628 2047 τοῖσι
660 2003 710 2048 δὲ
754 2006 759 2060 Ι
803 2002 983 2060 ἀτιμία,
1021 2011 1170 2048 τοῖσιν
1210 2003 1261 2048 δὲ
1304 2003 1548 2062 χρημάτων
1579 2003 1721 2048 πάλιν
1749 2007 1754 2060 Ι
1784 2002 1865 2058 δή·

170 2075 325 2119 μευσις
357 2061 621 2106 enucleavit
651 2062 858 2106 Kockius
908 2066 914 2118 Ι
961 2062 1018 2119 δὴ
1052 2063 1217 2119 scripsi
1250 2076 1305 2107 cx
1329 2065 1384 2107 H
1395 2064 1617 2108 VMoPOl
1648 2065 1695 2106 et
1726 2080 1780 2119 γρ
1813 2062 1864 2105 in

167 2134 303 2179 marg
334 2121 435 2166 Mor
496 2121 547 2165 δὲ
572 2122 903 2167 BMLaViVa
936 2122 1027 2166 edd
1062 2124 1069 2179 Ι
1103 2123 1184 2166 καὶ
1216 2137 1291 2166 om
1317 2124 1378 2167 M
1408 2125 1414 2179 Ι
1443 2121 1561 2166 κατὰ
1588 2123 1640 2167 Ol
1667 2124 1673 2178 Ι
1701 2124 1862 2178 δυσχε-

170 2179 365 2235 ρέστατα
405 2180 570 2236 scripsi
603 2195 626 2223 e
652 2183 715 2225 M
749 2181 831 2224 sed.
870 2188 898 2237 ῆ
939 2195 1079 2237 supra
1119 2180 1307 2236 έστατα,
1353 2183 1421 2226 Va
1461 2184 1507 2225 et
1546 2199 1600 2238 γρ
1640 2180 1688 2224 in
1728 2194 1863 2237 marg

170 2239 272 2283 Mor
333 2238 662 2297 δυσχερέστερα
687 2239 741 2283 H
749 2241 1168 2286 VMoBPLaViOE
1198 2241 1289 2284 edd
1433 2245 1457 2283 6
1491 2240 1615 2296 φυγὴ
1649 2241 1781 2285 δοκεῖ
1806 2240 1870 2283 Μ

214 2296 259 2342 δ’
291 2299 348 2343 Vi
469 2302 493 2342 7
526 2299 577 2342 τὸ
599 2325 650 2330 -
671 2297 722 2343 δὲ
734 2300 795 2355 (2)
822 2313 897 2342 om
917 2301 1052 2344 MoB
1078 2300 1084 2356 1
1113 2298 1339 2344 δεδέσθαι
1357 2326 1411 2331 -
1431 2304 1455 2342 8
1481 2300 1532 2343 τὸ
1557 2300 1606 2342 in
1630 2312 1765 2355 marg
1783 2298 1865 2343 Vi*

175 2388 179 2414 ,
213 2357 426 2407 θάνατος
457 2357 623 2413 scripsi
683 2357 890 2403 θάνατοι
912 2358 1022 2402 libri
1047 2359 1138 2403 cdd
1259 2363 1285 2402 8
1316 2357 1464 2403 ταῦτα
1489 2358 1653 2414 scripsi
1713 2363 1862 2401 ταῦτα

169 2415 278 2460 libri
311 2417 402 2460 edd
452 2420 457 2470 Ι
506 2418 615 2467 τοὺς
646 2430 722 2460 om
747 2419 794 2462 P
924 2422 949 2461 9
980 2418 1089 2468 τοὺς
1121 2418 1286 2474 scripsi
1319 2431 1343 2461 e
1373 2418 1642 2462 MoMViGz
1670 2418 1725 2460 ut
1756 2415 1863 2460 coni

169 2475 236 2519 Re
298 2483 394 2526 τοῖς
418 2477 476 2519 H
480 2476 722 2520 VBLaVa
746 2477 837 2520 edd
897 2479 1043 2521 τονΡ
1066 2479 1072 2533 Ι
1101 2476 1376 2533 ἐπικούφοις
1392 2478 1531 2521 HMo
1543 2477 1600 2520 Vi
1721 2479 1774 2519 10
1807 2474 1859 2518 δὲ

170 2548 246 2578 om
279 2535 323 2578 V
461 2539 514 2578 12
547 2548 704 2578 versus
737 2534 799 2590 μή
830 2552 907 2591 μοι
940 2534 1208 2592 νομοθέτει,
1249 2534 1369 2580 τίσιν
1401 2537 1616 2591 ἐπαλγεῖν
1650 2534 1781 2587 ἄξιον
1813 2536 1863 2578 et

167 2593 220 2638 τὸ
253 2594 303 2637 δὲ
335 2596 398 2652 τῷ
429 2591 693 2638 πεπονθότι
735 2598 740 2650 Ι
779 2593 895 2650 μέγα
925 2602 1059 2638 τοῦτο
1091 2595 1256 2652 μικρὸν
1288 2602 1385 2645 τοῖς
1415 2594 1667 2638 ἀκούουσιν
1700 2597 1860 2638 δοκεῖν

170 2681 432 2725 enucleavit
462 2681 668 2724 Kockius
697 2685 702 2738 Ι
732 2669 872 2735 &gigas
888 2684 973 2727 Mo
1001 2685 1008 2739 Ι
1036 2679 1164 2738 εὗρες
1182 2684 1314 2727 ΜοΒ
1438 2687 1492 2726 13
1518 2683 1755 2740 ἐφοτῳοῦν
1775 2682 1860 2724 Mo

174 2741 179 2799 Ι
207 2738 296 2799 ὅτῳ
328 2738 413 2785 οὖν
438 2742 497 2784 H
501 2740 677 2785 VMLa
688 2742 755 2785 Va
782 2742 870 2784 edd
898 2744 904 2797 Ι
933 2744 1100 2799 βουλῆς
1125 2743 1182 2786 Vi
1206 2742 1286 2785 sed
1312 2739 1537 2799 βοηθείας
1559 2742 1609 2783 in
1633 2754 1766 2796 marg
1788 2738 1861 2781 m²

290 2803 344 2842 14
375 2800 427 2844 τὸ
460 2796 510 2842 δὲ
543 2800 620 2858 τῷ]
651 2803 712 2857 τῷ
747 2801 796 2844 δὲ
824 2801 885 2843 M
1005 2806 1057 2844 15
1090 2803 1350 2845 πενθοῦντι
1375 2802 1421 2844 P
1539 2805 1592 2843 16
1626 2798 1776 2855 ὄφεως
1801 2798 1859 2840 Vi

170 2858 252 2901 sed
276 2857 413 2916 ἔχεως
436 2858 485 2901 in
509 2872 643 2915 marg
665 2858 736 2901 m²
762 2861 767 2915 Ι
796 2857 1070 2915 δεδιγμένον
1090 2861 1158 2903 Va
1182 2860 1263 2903 sed.
1287 2877 1314 2915 η
1342 2874 1481 2915 supra
1506 2877 1521 2902 ι
1545 2858 1615 2901 m²
1642 2861 1647 2914 Ι
1677 2855 1858 2913 ἀφέντα

169 2917 308 2975 βοᾶν]
340 2915 368 2973 ἢ
401 2915 484 2961 ὑπ’
521 2917 658 2970 ἄλλης
690 2925 932 2973 συμφορᾶς
956 2918 1089 2962 ΜοΒ
