2010 3168
244 90 355 144 250
653 90 920 149 [LIBANn]
954 58 1346 136 DECLAMA'I'IO
1377 90 1526 135 xvm
1974 0 2010 122 1

243 227 340 289 τὰς
370 225 775 295 Δημοσθένους
812 226 907 289 τὰς
943 226 1194 295 παλαιάς,
1232 227 1334 295 τὴν
1366 226 1599 297 ἀρχαίαν
1635 227 1806 296 τύχην
1834 234 1934 283 τοῦ
2006 217 2010 221 ’

245 316 601 384 δημαγωγοῦ,
655 316 754 368 τὸν
793 319 1055 385 Πειραιᾶ,
1109 317 1206 378 τὰς
1256 317 1522 386 τριήρεις,
1575 315 1636 368 τὸ
1677 317 1936 385 φρόνημα

243 413 356 457 τῶν
402 402 735 473 Ἀθηναίων,
789 406 919 466 τοὺς
965 403 1168 473 ὅρκους
1222 403 1321 467 οὓς
1370 404 1564 474 ὤμοσε.
1602 407 1936 474 Μαραθῶνα

243 493 420 564 τούτῳ
461 493 914 563 συμπιπράσκεις,
947 496 1257 562 Σαλαμῖνα,
1295 494 1390 556 τὰς
1422 493 1720 561 Πλαταιάς,
1757 493 1935 547 πάντα

195 604 219 636 5
244 582 311 634 τὰ
349 581 755 650 Δημοσθένους
793 582 1020 652 ῥήματα.
1078 582 1162 634 12.
1203 580 1245 634 ὢ
1284 589 1380 650 τῆς
1424 589 1617 650 καινῆς
1661 581 1936 650 ἐμπορίας,

245 671 287 723 ὢ
326 678 422 739 τῆς
458 670 778 741 παραδόξου
815 671 1079 740 πράσεως.
1128 670 1161 723 ἃ
1200 671 1271 739 μὴ
1314 671 1551 724 δύναταί
1591 690 1673 733 τις
1718 665 1935 742 πολέμῳ

243 761 436 826 λαβεῖν
474 760 766 829 χρημάτων
806 761 1086 828 λαμβάνει.
1126 759 1231 812 κᾶν
1269 760 1370 828 τὴν
1402 757 1719 828 Ἀθηναίων
1763 759 1936 828 τύχην

245 847 583 917 ἐξαγώγιμον
622 868 704 910 τις
742 849 1008 916 βούληται
1048 851 1257 917 λαβεῖν,
1296 847 1563 917 λαμβάνει
1603 851 1709 901 σὺν
1747 852 1932 914 Δημο-

245 936 450 990 σθένει.
490 938 546 990 τί
583 933 687 990 οὖν
724 934 805 990 ἔτι
843 937 1107 1006 μάχομαι;
1146 939 1204 989 τί
1239 932 1343 990 οὗν
1381 934 1462 989 ἔτι
1501 937 1835 1001 κινδυνεύω;
1873 937 1933 990 τὸ

172 1051 219 1082 10
243 1022 424 1078 ἆθλόν
469 1046 577 1092 μου
623 1035 735 1079 τῶν
779 1026 1226 1097 κατορθωμάτων
1272 1025 1496 1095 ἀφαιρῇ.
1552 1024 1755 1090 ἐξέταζε
1803 1027 1935 1088 τοὺς

244 1113 305 1167 ἐν
347 1115 555 1183 Θήβαις
594 1113 1005 1183 ἁλισκομένους.
1044 1116 1497 1184 πολυπραγμόνει
1536 1116 1664 1177 τοὺς
1705 1113 1765 1167 ε’ν
1807 1117 1936 1167 Θετ-

242 1207 427 1265 ταλοῖς
467 1204 892 1272 δυστυχοῦντας.
925 1202 1194 1273 Ἀθήνησι
1234 1200 1295 1256 δὲ
1332 1202 1439 1256 κᾶν
1470 1203 1584 1275 ἁλῷ
1623 1223 1707 1266 τις
1739 1202 1934 1271 ξενίας,

243 1291 591 1360 ἐνδοξότερός
637 1290 754 1344 ἐστι
799 1301 912 1344 τῶν
963 1290 1091 1362 παρ’
1145 1292 1279 1359 ὑμῖν
1325 1291 1639 1362 ἐλευθέρων
1685 1293 1935 1345 Μακεδό-

242 1401 370 1433 νων.
437 1381 521 1433 13.
561 1380 698 1434 ἀλλὰ
753 1383 824 1434 σὺ
877 1381 979 1449 μὲν
1033 1381 1099 1433 οὐ
1150 1380 1381 1449 πέμψεις
1415 1379 1731 1448 Ἀθηναίοις
1760 1377 1935 1434 Ἀντί-

172 1495 217 1527 15
241 1487 452 1539 πατρον
506 1469 639 1522 οὐδὲ
694 1471 1065 1539 Παρμενίωνα
1119 1468 1240 1523 οὐδ’
1295 1471 1489 1538 ἄλλον,
1544 1468 1614 1522 ἂν
1659 1468 1935 1538 παρέχωσι

242 1561 503 1628 χρήματα,
537 1560 607 1611 σὺ
641 1557 691 1611 δ’
722 1557 866 1621 ἄξεις
898 1557 1115 1627 οἰκέτην
1149 1557 1300 1627 ε’μόν,
1332 1557 1400 1611 ὃν
1431 1558 1596 1620 αὐτὸς
1627 1556 1934 1627 ἐκτησάμην

243 1646 301 1700 ἐκ
331 1647 646 1716 καταδίκης;
686 1647 872 1709 οὐδείς
911 1646 1062 1701 ἐστιν
1101 1645 1312 1715 οἰκέτης
1348 1648 1606 1715 πονηρός,
1637 1646 1730 1699 ἵνα
1763 1652 1932 1717 κριθῇ

241 1743 337 1803 τῆς
375 1737 721 1790 Μακεδόνων
761 1736 1014 1798 δουλείας
1054 1735 1216 1799 ἄξιος.
1255 1734 1393 1804 μέγα
1439 1742 1603 1788 τοῦτο
1645 1734 1933 1804 ἐπιτίμιον,

240 1822 379 1892 ὑπὲρ
412 1827 515 1892 τὴν
544 1832 767 1894 πρᾶσιν,
798 1829 1010 1892 μᾶλλον
1042 1821 1103 1877 δὲ
1133 1822 1225 1877 καὶ
1255 1824 1507 1877 θανάτου
1539 1825 1931 1894 χαλεπώτερον.

171 1939 219 1971 20
245 1914 392 1976 λύεις
430 1914 529 1966 τὸν
567 1915 741 1980 νόμον
779 1921 873 1982 τῆς
913 1913 1259 1981 αὐτομολίας,
1303 1913 1454 1975 λύεις
1492 1913 1589 1966 τὸν
1629 1914 1802 1981 νόμον
1839 1920 1932 1981 τῆς

240 2002 556 2070 προδοσίας.

360 2123 385 2160 2
419 2117 547 2162 Dem.
582 2131 671 2161 cor.
704 2133 746 2174 p.
774 2121 918 2172 260,9
938 2131 1004 2173 sq.
1037 2116 1251 2161 Aeschin.
1286 2115 1405 2160 Otes.
1439 2121 1464 2170 ἓ
1490 2121 1589 2159 222.
1624 2116 1680 2160 cf.
1715 2115 1933 2160 Schaefer

239 2177 478 2221 Demosbh.
497 2177 518 2220 I
537 2177 648 2220 452²
664 2191 729 2232 sq.
760 2179 766 2233 Ι
794 2177 936 2220 Thuc.
954 2176 976 2220 I
993 2181 1100 2231 81,2
1223 2181 1249 2220 8
1275 2176 1383 2232 Lyc.
1403 2176 1556 2220 Leocr.
1576 2180 1601 2229 ξ
1620 2180 1675 2219 26
1699 2190 1744 2231 p.
1767 2178 1930 2229 151‚18

363 2241 416 2279 15
450 2236 507 2280 cf.
539 2251 584 2292 p.
612 2240 711 2290 283,
733 2241 787 2279 10
909 2239 965 2279 20
997 2235 1140 2279 Thuc.
1173 2235 1259 2278 VH
1286 2241 1353 2290 13,
1373 2239 1411 2278 3.
1445 2235 1575 2278 Dem.
1609 2249 1654 2291 p.
1682 2238 1782 2289 238,
1802 2240 1854 2278 11

360 2345 388 2381 4
421 2338 787 2395 συμπιπράσκεις
820 2340 888 2383 Va
911 2339 993 2382 sed
1025 2352 1114 2394 συμ
1144 2338 1270 2382 inser
1299 2337 1368 2381 m²
1490 2343 1515 2381 5
1546 2344 1629 2382 τοῦ
1658 2339 1766 2380 ante
1791 2338 1931 2393 δημο-

241 2397 443 2449 σθένους
474 2399 542 2441 Va
686 2404 711 2441 6
743 2404 822 2454 τῆς
856 2397 1031 2441 inserui
1063 2411 1087 2440 e
1112 2398 1161 2441 D
1240 2412 1315 2441 om
1353 2396 1523 2453 reliqui
1557 2396 1667 2440 libri
1699 2396 1790 2439 edd

243 2463 266 2500 7
301 2456 545 2515 χρημάτων
570 2483 626 2488 -
651 2461 676 2500 8
710 2459 867 2515 λαβεῖν
898 2457 949 2500 in
978 2470 1112 2514 marg
1139 2458 1226 2500 Ma
1268 2459 1274 2513 Ι
1325 2454 1460 2512 δίκην
1487 2456 1576 2500 Μα
1711 2459 1737 2498 8
1769 2471 1810 2498 τι
1836 2456 1885 2499 D
1921 2455 1925 2513 Ι

241 2517 456 2575 βούλεται
489 2517 556 2560 Va
596 2516 677 2559 sed
716 2532 736 2560 ε
778 2517 826 2559 in
856 2534 885 2572 η
920 2530 1021 2560 corr
1058 2515 1140 2569 m²‚
1168 2516 1218 2559 D
1270 2517 1275 2571 Ι
1324 2514 1579 2573 λαμβάνειν
1613 2516 1680 2558 Va
1719 2515 1800 2558 sed
1832 2515 1929 2571 v(2)

243 2589 344 2619 eras
372 2577 378 2631 Ι
408 2575 492 2619 σὺν
517 2574 797 2630 δημοσθένει
813 2574 1039 2633 λαμβάνει
1061 2575 1130 2618 Va
1253 2578 1306 2617 10
1332 2575 1532 2630 ἀφαιρεῖ
1546 2575 1685 2617 Mal)
1809 2579 1861 2616 12
1886 2589 1930 2616 τι

242 2636 293 2679 D
427 2638 480 2676 13
511 2633 639 2689 ὑμῶν
671 2634 774 2676 Mor
918 2639 971 2677 16
1006 2633 1129 2686 ἄξεις
1160 2633 1325 2688 scripsi
1394 2632 1520 2690 ἄγεις
1557 2632 1666 2675 libri
1699 2632 1789 2675 edd

244 2698 298 2736 17
333 2693 471 2737 οὐδὲν
498 2693 586 2737 Ma
662 2691 816 2737 οὐδέν’
846 2694 895 2737 D
938 2696 944 2749 Ι
996 2691 1113 2736 οὕτω
1147 2694 1256 2735 ante
1288 2690 1468 2747 οἰκέτης
1496 2691 1793 2735 inserendum
1824 2690 1928 2734 coni

242 2752 345 2795 Mor
408 2750 486 2807 ,ὃς
515 2754 659 2809 κριθῇ
686 2757 770 2795 aut
792 2750 905 2795 ὥστε
928 2755 1158 2806 κριθῆναι
1181 2751 1342 2795 melius
1364 2751 1626 2794 conveniat“
1654 2751 1720 2793 Re
1745 2749 1827 2793 sed
1851 2748 1927 2793 ἵνα

240 2811 329 2855 hoe
360 2811 461 2854 loeo
493 2810 617 2853 idem
648 2810 773 2854 valet
804 2813 945 2865 atque
978 2809 1110 2864 ὥστε,
1151 2810 1209 2853 de
1241 2823 1332 2864 quo
1363 2823 1450 2852 usu
1490 2822 1518 2852 a
1548 2809 1743 2852 Libanio
1776 2808 1927 2852 alieno

1354 2866 1567 2917 δουλείας

244 2929 301 2972 cf.
334 2928 573 2984 Wyttenb.
607 2928 728 2972 Plut.
760 2942 871 2971 mor.
897 2928 961 2971 VI
991 2943 1035 2983 p,
1063 2932 1146 2971 517
1272 2931 1325 2971 18
1356 2924 1577 2983 τιμωρίας
1610 2928 1677 2971 Va
