2010 3168
525 106 591 150 IN
594 106 858 152 VECTIVA
887 106 955 150 IN
985 106 1338 151 AESCHINEM
1667 106 1772 159 227

77 248 225 298 ἑλεῖν
271 243 356 311 δέ,
403 244 451 296 εἰ
496 240 931 313 προσβάλοιεν,”“’
946 241 1277 312 δυναμένων
1323 242 1773 312 ἀποφευγόντων.

79 332 165 386 64.
205 332 342 385 ἀλλὰ
388 339 550 385 τοῦτο
599 331 701 384 οὐκ
752 333 868 384 ἔστι
915 334 1233 399 πυλαγόρας
1272 333 1509 398 δίκαιος,
1564 329 1678 384 ἀλλ’
1728 333 1776 383 εἰ

77 422 179 490 μὲν
218 421 379 483 αὐτὸς
418 420 584 473 οὐδὲν
623 429 737 473 τῶν
772 422 1167 490 προσηκόντων
1200 418 1535 488 ἐλλέλοιπας,
1576 421 1774 485 σώζου·

79 513 131 564 εἰ
167 505 215 562 δ’
260 507 450 577 ἑτέρου
491 510 580 562 δεῖ
652 528 804 572 τινος
842 510 905 562 τὸ
947 509 1049 562 σὸν
1087 507 1412 578 πράξοντος,
1452 509 1775 572 ἀποθάνοις.

77 605 276 651 τοῦτον
336 597 490 666 ἡμεῖς
544 597 646 650 οὐκ
708 599 913 651 ἄκοντα
968 596 1342 667 ἐξεπέμψαμεν
1398 595 1405 668 Ι
1463 597 1597 651 οὐδὲ
1641 602 1864 646 RIII424

43 690 295 755 .βοῶντα
352 687 443 739 καὶ
492 687 1006 756 διαμαρτυράμενον
1054 687 1127 749 ὡς
1175 686 1276 740 οὐκ
1322 685 1393 740 ἂν
1442 687 1673 739 δύναιτο
1711 687 1777 738 τὰ
1823 702 1842 733 6

75 783 301 828 τοιαῦτα
339 775 651 846 ὑπηρετεῖν.
693 772 827 829 οὐδὲ
867 776 972 845 γὰρ
1013 777 1186 829 ἄλλον
1225 775 1454 843 οὐδένα,
1495 772 1536 828 ὦ
1577 776 1777 845 ἄνδρες

68 862 382 933 Ἀθηναῖοι,
433 874 545 917 τῶν
594 864 661 917 οὐ
711 863 1091 932 βουλομένων
1124 865 1190 917 τὰ
1235 863 1471 934 ὑμέτερα
1517 864 1776 933 πράττειν

75 951 357 1022 βιάζεσθε,
411 951 531 1006 ἀλλ’
579 951 751 1016 ἔξεστι
808 953 1131 1025 καλουμένῳ
1187 962 1391 1022 φυγεῖν
1446 951 1536 1005 καὶ
1591 950 1777 1013 οὐδεὶς

77 1041 357 1103 κίνδυνος.
421 1043 690 1110 Αἰσχίνης
744 1039 806 1095 δὲ
866 1040 1002 1108 πρὶν
1063 1041 1163 1105 οὓς
1217 1043 1369 1105 ἄξιον
1429 1041 1571 1108 ὑμᾶς
1634 1042 1776 1094 ἰδεῖν
1801 1063 1843 1095 10

75 1130 246 1182 αὐτὸν
282 1130 748 1199 ὑπισχνούμενος,
795 1131 885 1183 καὶ
924 1127 1067 1200 ἦσαν
1107 1132 1160 1184 οἱ
1200 1138 1671 1200 χειροτονοῦντες,
1723 1132 1779 1183 οἳ

73 1217 163 1272 καὶ
219 1226 328 1271 νῦν
382 1219 554 1272 αὐτὸν
608 1218 1017 1287 ε’ξαιτησόμενοι
1070 1220 1339 1288 πάρεισιν.
1410 1219 1495 1272 65.
1542 1216 1661 1272 ἔστι
1715 1219 1776 1271 δὲ

76 1309 318 1375 ὄνειδος,
360 1305 402 1360 ὦ
442 1309 642 1377 ἄνδρες
681 1307 993 1377 Ἀθηναῖοι,
1041 1310 1237 1362 κοινὸν
1276 1311 1408 1372 τοὺς
1445 1309 1511 1361 τὰ
1549 1307 1776 1376 μέγιστα

76 1395 545 1466 ε’γχειριζομένους
592 1399 670 1460 εἰς
723 1399 824 1465 τὴν
858 1396 1078 1467 ’ἑτέρων
1131 1396 1405 1463 σώζεσθαι
1457 1398 1620 1466 χάριν
1674 1396 1775 1449 οὐκ

196 1577 222 1615 6
254 1572 384 1616 Dem.
419 1586 508 1617 cor.
542 1588 588 1629 p.
616 1577 717 1628 232,
735 1577 812 1628 283
845 1578 946 1629 275,
967 1578 1021 1618 18
1146 1578 1199 1617 13
1233 1573 1363 1618 Dem.
1398 1589 1442 1630 p.
1473 1577 1646 1628 1484‚4

201 1739 223 1778 1
259 1735 301 1779 εἰ
332 1735 435 1779 Mor
465 1735 548 1780 scd
579 1752 634 1793 γρ
666 1733 694 1791 ἢ
727 1736 777 1779 in
808 1749 943 1794 marg
977 1738 983 1793 Ι
1017 1736 1325 1796 προσβάλοιεν
1357 1736 1524 1793 scripsi
1555 1749 1581 1779 e
1606 1737 1696 1780 Ma
1727 1737 1774 1780 eb

74 1811 128 1851 γρ
153 1794 203 1837 in
226 1807 361 1852 marg
384 1794 486 1838 Mor
545 1794 827 1853 προβάλοιεν
845 1798 891 1841 Ρ
945 1795 1250 1854 προβάλλοιεν
1268 1797 1360 1840 Ath
1384 1796 1486 1839 Mor
1546 1793 1774 1852 προσβάλ-

75 1856 200 1898 λοιεν
230 1853 299 1897 Re
422 1859 447 1896 2
481 1852 565 1911 μὲν
595 1856 702 1910 post
732 1862 868 1899 τοῦτο
895 1857 942 1900 P
961 1856 1051 1899 edd
1114 1855 1267 1900 delevi
1301 1860 1306 1910 Ι
1348 1853 1612 1912 πυλαγόρος
1636 1855 1730 1898 Ath
1765 1856 1769 1910 Ι

75 1911 257 1964 δίκαιος
297 1913 465 1970 scripsi
497 1927 522 1957 e
547 1914 681 1958 PMa
757 1912 944 1959 δίκαιον
968 1915 1063 1959 Ath
1102 1915 1194 1958 edd
1233 1915 1315 1959 sed.
1355 1920 1469 1970 „aut
1506 1911 1774 1970 πυλαγόρου

75 1970 261 2017 δίκαιον
278 1974 359 2030 ley.
378 1979 461 2017 aut
483 1971 754 2030 πυλαγόρας
772 1972 984 2026 &iunctos-‘⁶
1000 1974 1068 2017 Re
1128 1974 1275 2034 τούτῳ
1300 1973 1384 2031 μὲν
1402 1974 1487 2018 οὐκ
1506 1971 1614 2028 ἐστί,
1628 1975 1774 2017 πυλα-

75 2028 192 2092 γόρᾳ
223 2032 275 2076 δὲ
302 2030 444 2077 καλόν
472 2031 562 2089 (vel
586 2031 811 2089 δίκαιον>;
843 2033 1006 2078 Iacobs
1031 2034 1136 2090 App
1168 2033 1281 2077 Pors
1306 2037 1392 2077 324
1423 2033 1538 2077 Lech
1561 2037 1646 2075 216
1678 2032 1775 2076 Rev

75 2095 161 2134 427
289 2095 314 2134 3
347 2090 610 2142 ἐλλέλοιπας
634 2091 800 2148 scripsi
825 2105 850 2135 e
875 2095 922 2138 P
978 2092 1243 2143 ἐκλέλοιπας
1268 2094 1362 2138 Ath
1385 2093 1477 2136 edd
1538 2089 1776 2141 ἐλέλοιπας

79 2150 169 2194 Μα
210 2152 217 2206 Ι
260 2151 406 2203 σώζου
433 2151 523 2194 Μα
643 2156 672 2194 4
703 2151 755 2195 δὲ
783 2153 871 2196 Ma
901 2151 970 2195 Re
1005 2154 1011 2208 Ι
1051 2155 1126 2197 δεῖ
1154 2152 1320 2208 scripsi
1353 2165 1377 2195 e
1403 2152 1493 2195 Ma
1553 2149 1614 2205 δή
1636 2151 1779 2195 AthP

78 2208 169 2252 edd
194 2209 276 2252 sed
302 2211 373 2264 „si
395 2210 514 2253 nihil
536 2210 610 2254 hic
633 2211 765 2265 deest,
780 2225 871 2267 pro
895 2210 952 2267 δὴ
979 2213 1215 2269 leyendum
1239 2213 1327 2256 erit
1356 2214 1440 2256 δεῖ.
1474 2224 1628 2255 verum
1650 2209 1772 2254 vide·

77 2271 154 2311 tur
179 2270 343 2324 potius
374 2269 554 2324 aliquid
586 2269 744 2324 deesse,
776 2284 810 2314 e.
837 2284 873 2315 c.
899 2271 940 2314 εἰ
972 2268 1016 2315 δ’
1055 2270 1400 2331 ἐρρᾳθύμησας,
1432 2270 1494 2320 ὡς
1525 2268 1683 2324 ἑτέρου
1715 2268 1775 2322 δή

74 2331 228 2377 τινος“
257 2327 326 2372 Re
355 2329 362 2383 Ι
389 2326 649 2382 πράξοντος
682 2329 847 2385 scripsi
872 2342 897 2372 e
923 2331 1027 2383 Ma,
1050 2332 1105 2373 ut
1136 2330 1241 2374 coni
1264 2330 1333 2374 Re
1393 2328 1660 2384 πράξαντος
1681 2329 1774 2372 Ath

77 2387 124 2430 P
146 2386 237 2430 edd
359 2391 386 2430 8
410 2393 502 2430 τῶν
527 2387 582 2430 οὐ
601 2387 893 2445 βουλομένων
910 2389 1076 2445 scripsi
1094 2402 1150 2432 ex
1166 2390 1307 2433 AthP
1362 2395 1456 2432 τῶν
1479 2386 1773 2447 βουλομένων

79 2445 169 2489 Μα
229 2445 314 2490 τὸν
338 2446 393 2489 οὐ
419 2444 704 2503 βουλόμενον
727 2447 830 2490 Mor
854 2448 936 2491 sed
960 2465 1014 2504 γρ
1038 2455 1129 2492 τῶν
1154 2449 1210 2493 οὐ
1234 2447 1528 2506 βουλομένων
1551 2447 1601 2490 in
1624 2459 1773 2501 marg,

76 2503 144 2547 Re
172 2506 178 2559 Ι
205 2502 404 2561 ἡμέτερα
431 2507 477 2549 Ρ
502 2504 605 2549 Mor
734 2511 789 2549 10
822 2505 904 2558 οὓς
935 2520 1010 2550 om
1034 2508 1124 2551 Ma
1259 2512 1311 2550 11
1347 2504 1491 2551 αὐτὸν
1513 2505 1773 2564 ’ὑπισχνού-

76 2565 232 2621 μενος]
265 2565 367 2619 „hie
405 2565 569 2608 desunt
604 2566 860 2620 ποηπαῐῑας
897 2567 1051 2610 saltim
1092 2564 1277 2622 συνίστη
1310 2565 1485 2623 μεγάλα
1516 2567 1611 2621 ipse
1642 2570 1774 2609 semet

76 2622 199 2666 vobis
214 2624 567 2677 commendabat,
583 2624 828 2682 ingerebat,
853 2625 1133 2679 obtrudebat,
1158 2639 1328 2683 mayna
1344 2625 1629 2682 promittens,
1647 2629 1771 2667 ante-

76 2694 212 2735 quam
233 2695 310 2726 vos
341 2683 632 2738 dispiceret&
663 2685 854 2738 quinam
884 2685 1040 2729 idonei
1061 2690 1204 2729 essent
1227 2685 1290 2729 ad
1314 2686 1583 2743 leyationem
1605 2684 1770 2728 obeun-

78 2738 212 2782 dam“
235 2740 304 2784 Re
426 2745 481 2783 12
514 2741 864 2799 ἐξαιτησάμενοι
882 2745 971 2788 Μα
994 2742 1097 2787 Mor
1219 2748 1272 2788 13
1306 2743 1390 2800 μὲν
1418 2745 1529 2787 ante
1550 2741 1608 2786 τὰ
1632 2742 1775 2786 AthP

78 2797 168 2840 edd
193 2799 275 2842 sed.
299 2805 411 2853 „aut
433 2800 672 2845 delendum
696 2807 758 2845 est
773 2798 872 2857 μὲν,
897 2808 980 2846 aut
1003 2802 1143 2847 deerit
1167 2804 1359 2847 alterum
1374 2803 1620 2846 sententiae
1636 2814 1770 2844 mem-

79 2856 222 2911 brum,
259 2858 333 2902 illi
364 2860 517 2914 priori
554 2861 831 2916 oppositum,
869 2861 923 2903 in
961 2875 1048 2916 quo
1086 2862 1201 2906 insit
1238 2861 1314 2916 δὲ,
1352 2875 1387 2906 e.
1412 2874 1448 2905 c.
1481 2861 1590 2910 τοὺς
1629 2859 1681 2904 δὲ
1719 2860 1769 2902 ἐν

78 2923 258 2970 μικροῖς
297 2915 555 2972 σφαλέντας
594 2917 675 2961 διὰ
705 2918 789 2974 τὴν
830 2919 984 2962 αὑτῶν
1022 2919 1305 2974 προπέτειαν
1345 2917 1668 2963 ἀπόλλυσθαιμ
1703 2917 1769 2959 Re

1323 2993 1413 3035 15*
