2010 3168
588 123 1070 169 ARISTOPHONTIS
1104 122 1329 168 ORATIO
1709 124 1811 176 179

118 262 318 330 κριθὲν
347 263 632 332 προκρίνει
664 267 765 313 τοῦ
796 258 1352 329 πεφυλοκρινημένου
1385 259 1682 328 στεφάνου,
1707 255 1812 329 ἆρα

119 348 209 403 καὶ
249 349 554 419 στρατηγὸν
592 352 835 418 χαλκοῦν
880 347 950 401 ἂν
996 340 1226 416 ἔστησεν
1277 348 1379 401 οὐκ
1419 347 1660 402 ἐνδύντα
1697 347 1813 401 θώ-

122 458 258 508 ρακα
295 435 386 490 καὶ
426 435 545 490 οὐδ’
596 438 786 490 ἰδόντα
823 439 955 500 τοὺς
985 440 1305 505 πολεμιόυς;
1341 437 1472 490 οὐδὲ
1497 438 1813 507 Μιλτιάδης

120 527 346 589 οὐδενὸς
384 524 535 589 ἄξιος
574 527 667 578 διὰ
705 527 801 588 τὰς
838 526 1011 595 μάχας
1046 523 1178 579 οὐδὲ
1214 529 1585 595 Θεμιστοκλῆς
1625 525 1654 579 ὁ
1687 527 1812 596 περὶ

117 625 227 668 τῶν
284 614 535 684 Ἀθηνῶν
596 614 903 685 ἀναρρίψας
964 613 1054 667 καὶ
1123 615 1408 684 παραδοὺς
1476 614 1811 687 άσταθμήτῳ
1860 636 1879 669 5

119 706 366 776 στοιχείῳ
405 711 504 756 τοῦ
536 703 779 771 πολέμου
810 704 913 773 τὴν
950 705 1136 773 κρίσιν
1176 701 1308 756 οὐδὲ
1344 705 1742 773 Θρασύβουλος
1783 704 1811 757 ὁ

121 793 313 860 Φυλὴν
334 793 662 861 καταλαβὼν
683 792 1082 862 τετταράκοντα
1106 801 1222 855 τοῖς
1245 790 1506 861 πρώτοις;
1547 791 1633 845 59.
1657 790 1811 861 ἔστη-

31 893 37 898 “
118 896 187 934 σα
231 881 378 949 κάγὼ
425 883 658 949 τρόπαια
696 890 808 934 τῶν
847 891 1216 950 συκοφαντῶν
1263 880 1325 934 ἐν
1364 882 1534 934 ἅπασι
1574 890 1690 944 τοῖς
1730 883 1811 935 δι-

116 973 444 1040 καστηρίοις.
474 971 828 1039 πολλαχόθεν
851 972 1188 1039 βαλλόμενος
1212 969 1551 1039 ἐγκλήμασιν
1583 970 1657 1033 ὡς
1688 970 1812 1039 ἄλη-

116 1065 234 1122 θῶς
273 1059 437 1122 αὐτὸς
477 1060 682 1128 ὤφθην
713 1061 970 1126 ἄτρωτος,
1009 1058 1082 1122 ὡς
1117 1059 1244 1112 οὔτε
1276 1059 1304 1113 ὁ
1338 1059 1496 1127 Αἴας,
1529 1052 1572 1131 ᾧ
1607 1060 1813 1113 σαυτὸν
1838 1081 1881 1114 10

118 1152 335 1216 εἴκαζες,
360 1149 487 1202 οὔτε
519 1147 547 1201 ὁ
572 1146 846 1217 Ἀχιλλεὺς
881 1145 887 1218 Ι
924 1149 1051 1201 οὔτε
1084 1147 1112 1202 ὁ
1134 1150 1378 1211 Καινεὺς
1409 1148 1536 1201 οὔτε
1568 1153 1624 1201 εἴ
1647 1153 1800 1197 H.XII
1818 1158 1902 1196 219

118 1258 200 1300 τις
223 1239 359 1306 ἄλλη
376 1237 776 1307 <τραυμάτων>
790 1239 1055 1306 κρείττων
1079 1236 1343 1305 γενέσθαι
1368 1235 1581 1305 λέγεται
1597 1242 1813 1305 θνητοῦ

120 1327 301 1395 φύσις.
327 1327 400 1389 ὡς
426 1325 529 1394 ἐγὼ
549 1326 906 1396 συκοφάντου
929 1326 1020 1379 καὶ
1047 1326 1139 1378 διὰ
1161 1327 1367 1388 παντὸς
1389 1327 1571 1389 ἰόντος
1589 1328 1814 1395 φθόνου

121 1415 481 1485 ἐστράτευμαι
535 1415 713 1468 πάντα
764 1425 952 1468 νικῶν.
1007 1414 1145 1484 μέγα
1202 1423 1454 1484 φρονεῖς,
1510 1417 1562 1468 εί
1605 1416 1677 1484 μὴ
1731 1414 1814 1468 τέ-

118 1517 343 1573 τρωσαι·
385 1507 466 1567 τίς
505 1505 609 1573 γὰρ
643 1502 732 1557 ἐπὶ
779 1504 839 1557 σὲ
887 1504 1242 1573 συκοφάντης
1288 1502 1503 1572 ἀφῆκεν
1548 1501 1812 1573 ἔγκλημα;
1839 1525 1881 1559 15

119 1595 216 1661 ἄγε
256 1591 346 1646 καὶ
386 1592 633 1660 ἀθλητὰς
673 1594 750 1656 εἰς
789 1593 850 1645 τὸ
892 1603 1230 1662 πρυτανεῖον
1267 1595 1400 1655 τοὺς
1440 1592 1541 1645 οὐκ
1573 1592 1815 1646 ἀποδύν-

118 1702 214 1744 τας
254 1684 331 1744 εἰς
371 1682 600 1734 στάδιόν
637 1700 786 1750 ποτε,
824 1682 915 1734 καὶ
946 1685 1029 1744 τίς
1070 1680 1337 1751 ἀνέξεται,
1376 1690 1535 1744 ποῖος
1572 1684 1817 1744 Γλαῦκος

241 1818 263 1855 1
299 1812 358 1856 cf.
390 1814 422 1856 t.
447 1812 490 1855 Π
524 1817 624 1867 180,
645 1817 720 1866 14;
754 1812 794 1856 V
820 1818 921 1868 216,
940 1817 1009 1856 12.
1042 1812 1183 1856 Arist.
1208 1826 1304 1869 rep.
1329 1811 1439 1855 Ath.
1468 1817 1538 1867 21,
1557 1818 1581 1856 2
1705 1817 1731 1856 ὅ
1756 1812 1814 1856 cf.

121 1888 164 1929 p.
192 1876 290 1925 144,
310 1877 334 1915 9
387 1875 392 1928 Ι
442 1871 574 1915 Dem.
598 1887 643 1929 p.
671 1876 771 1925 383,
789 1876 815 1915 5
962 1876 985 1915 7
1029 1872 1143 1916 Xen.
1177 1871 1298 1916 Hell.
1322 1871 1366 1915 Π
1396 1877 1439 1927 4,
1458 1877 1495 1914 2.
1531 1870 1663 1916 Corn.
1695 1871 1814 1928 Nep.

121 1931 281 1975 Thras.
309 1936 349 1986 2,
369 1936 391 1974 1
427 1945 531 1975 cum
562 1933 676 1975 nota
707 1931 1000 1988 Nipperdeii.
1046 1931 1239 1974 Aristid.
1271 1934 1302 1974 b.
1327 1930 1350 1974 I
1380 1935 1481 1985 271,
1501 1935 1577 1986 123
1611 1931 1814 1985 822,8D

242 1995 295 2034 10
337 1990 394 2034 cf.
426 2005 471 2046 p.
500 1995 599 2045 125,
618 1995 674 2033 24
821 1996 872 2034 11
914 1990 1138 2034 Themist.
1172 2004 1234 2035 or.
1261 1995 1316 2034 23
1348 2005 1393 2046 p.
1420 1995 1559 2034 284a.
1603 1990 1814 2047 Apostol.

121 2064 248 2106 prov.
273 2050 335 2093 IV
363 2054 416 2093 19
542 2054 595 2093 16
630 2051 686 2094 cf.
719 2052 753 2094 t.
777 2050 798 2093 I
816 2055 916 2105 145,
935 2055 974 2094 3.
1007 2050 1148 2094 Arist.
1182 2049 1296 2093 Ach.
1324 2053 1407 2092 627

243 2173 265 2211 1
312 2166 556 2224 προκρίνει
595 2167 760 2224 scripsi
799 2168 991 2212 auctore
1028 2166 1311 2212 Buechelero
1387 2164 1656 2222 προκρίνεις
1679 2167 1768 2211 Μα
1807 2168 1810 2224 ξ

121 2226 585 2284 πεφυλοκρινημένου
633 2227 799 2284 scripsi
831 2241 935 2270 cum
967 2226 1250 2271 Buechelero
1327 2224 1815 2282 πεφυλλοκρινημένου

124 2288 214 2331 Μα
273 2284 722 2342 πεφιλοκρινημένου
754 2285 910 2330 Gasda
938 2288 944 2342 Ι
973 2285 1210 2342 στεφάνου
1240 2299 1325 2342 pro
1357 2285 1639 2343 glossemate
1671 2285 1816 2329 habet

123 2345 280 2389 Gasda
401 2350 426 2388 2
460 2343 520 2389 ἂν
555 2345 740 2401 ἔστησεν
772 2345 937 2402 scripsi
970 2359 1074 2389 cum
1105 2345 1389 2389 Buechelero
1450 2343 1700 2401 ἀνέστησεν
1727 2346 1816 2389 Μα

243 2410 268 2448 3
286 2406 367 2449 καὶ
384 2403 738 2448 cancellandum
755 2408 913 2450 censet
930 2403 1086 2449 Gasda
1190 2410 1218 2448 4
1237 2404 1261 2449 ὁ
1279 2406 1388 2448 ante
1410 2405 1717 2461 Θεμιστοκλῆς
1726 2404 1816 2448 Μα

184 2463 334 2507 delevi
367 2478 473 2507 cum
503 2463 718 2508 Hertzlino
841 2468 896 2508 10
927 2466 1035 2520 post
1067 2463 1269 2519 ἄτρωτος
1300 2477 1450 2507 comm
1475 2463 1654 2519 aposui,
1680 2463 1814 2507 colon

127 2525 215 2567 Ma
338 2528 390 2566 11
426 2522 523 2580 ὀ(1)
554 2523 729 2567 inserui
790 2536 866 2567 om
892 2524 982 2568 Ma
1008 2525 1014 2579 Ι
1043 2523 1219 2580 οὕτε(3)
1247 2522 1412 2579 scripsi
1473 2519 1583 2567 οὐδὲ
1610 2523 1696 2566 Μα

127 2587 180 2625 12
211 2581 488 2638 τραυμάτων
512 2582 688 2626 inserui
748 2596 823 2626 om
850 2583 939 2626 Ma
965 2584 972 2638 Ι
998 2589 1082 2626 τοῦ
1105 2585 1286 2638 θνητοῦ
1310 2581 1523 2626 Hertlein
1647 2586 1700 2624 13
1733 2587 1814 2624 τοῦ

124 2642 232 2696 post
253 2642 334 2684 καὶ
361 2643 449 2686 Μα
510 2641 660 2685 delevi
721 2639 874 2686 καίτοι
903 2641 1249 2685 Radermacher
1271 2640 1438 2685 Philol.
1463 2640 1586 2684 LVII
1610 2644 1695 2683 227

129 2703 183 2742 14
208 2699 509 2757 ἐστράτευμαι
531 2699 687 2744 πάντα
711 2707 853 2744 νικῶν
878 2700 1044 2758 scripsi
1068 2699 1171 2744 coll.
1198 2715 1244 2757 p.
1263 2704 1363 2755 182,
1381 2705 1406 2744 5
1471 2698 1735 2754 ἐστράτευτε
1757 2697 1815 2741 τὰ

127 2758 299 2802 eamn&
325 2761 414 2804 Ma
489 2757 844 2815 ἐστρατευμένος
874 2758 1096 2816 νενίκηκα
1140 2758 1251 2803 olim
1283 2758 1450 2815 scripsi
1499 2758 1815 2813 ’ἐστράτευται

127 2816 412 2874 παντονίκης
441 2817 697 2862 Buecheler
768 2818 1074 2874 ἐστράτευται.
1107 2817 1268 2873 τάλαν,
1299 2813 1326 2873 ἦ
1359 2819 1440 2862 καὶ
1470 2816 1816 2862 Radermacher

247 2881 300 2919 17
335 2875 496 2927 ὁποῖος
519 2875 675 2921 Gasda
704 2878 964 2921 membrum
995 2876 1154 2933 quale:
1188 2891 1340 2922 omnes
1362 2883 1513 2922 tamen
1539 2876 1815 2932 probabunt,

127 2934 169 2977 εἰ
199 2935 448 2980 adduxeris
476 2936 588 2980 tales
619 2936 846 2980 excidisse
877 2937 1110 2980 coniciens

1372 3008 1460 3051 12*
