2010 3168
1043 594 1157 648 XX.

364 719 540 767 Altera
578 718 874 767 declamatio
916 718 1157 781 inscripta
1188 720 1259 766 M
1261 735 1283 767 ε
1291 716 1356 767 τὰ
1395 736 1420 767 τ
1429 716 1460 766 ὰ
1499 716 1560 767 ἐν
1600 721 1653 767 Χ
1655 738 1686 767 α
1695 737 1713 767 ι
1722 738 1750 786 ρ
1761 737 1799 768 ω
1808 738 1839 767 ν
1848 736 1869 767 ε
1879 719 1937 787 ia

257 792 553 852 Φίλιππος
592 789 832 861 ἐξῄτησε
870 790 970 841 τὸν
1000 790 1418 856 Δημοσθένην.
1460 790 1486 843 ὃ
1529 792 1679 858 ὃῆμο
1692 812 1716 851 ς
1760 788 1937 861 ᾔτησε

251 865 421 916 πέντε
452 864 672 933 ἡμέρας
703 866 786 926 εἰς
819 866 1155 928 διάσκεψιν.
1198 865 1260 916 ἐν
1291 867 1531 926 ταύταις
1563 863 1588 915 ὁ
1620 865 1935 931 Δημοσθέ-

251 960 320 1004 νη
332 960 356 1000 ς
393 939 471 990 ἀπ
481 959 506 990 ο
518 945 635 989 θαν
645 958 665 989 ε
676 944 730 989 ἴν
775 939 806 989 ἀ
816 941 839 1000 ξ
850 960 867 989 ι
877 959 903 989 ο
914 935 983 1008 ῖῑ)
1024 942 1334 1003 eloquentiae
1372 940 1677 990 Libanianae
1724 941 1935 993 admira·

249 1015 441 1065 toribus
487 1014 695 1064 vetustis
742 1016 931 1077 placuit
976 1015 1136 1079 magis
1183 1032 1335 1078 quam
1380 1015 1656 1064 recentibus
1668 1052 1680 1076 ‚
1727 1031 1935 1077 quorum

249 1105 380 1137 unus
403 1091 660 1152 praestans
685 1090 806 1137 artis
831 1089 1155 1151 existimator,
1181 1090 1486 1138 Fridericum
1510 1089 1618 1137 dico
1641 1089 1935 1149 Iacobsium‚

251 1179 359 1211 eam
397 1164 614 1212 ieiunam
651 1165 982 1212 imitationem
1024 1164 1204 1226 prioris
1244 1163 1617 1212 declamationis
1658 1178 1687 1211 a
1725 1163 1933 1211 Libanio

247 1252 447 1299 prorsus
473 1238 600 1286 alien
607 1253 687 1285 am
709 1238 986 1285 habendam
1012 1253 1115 1286 esse
1147 1238 1426 1287 enuntiavit
1436 1231 1479 1303 2)
1489 1275 1502 1300 ,
1533 1237 1666 1299 quod
1697 1237 1932 1286 iudicium

369 1394 410 1450 1)
441 1392 695 1450 Lipsiensis
728 1392 916 1449 quidem
948 1393 1093 1437 codex
1116 1393 1198 1448 qui
1219 1394 1348 1437 haud
1374 1393 1516 1437 semel
1538 1408 1656 1436 unus
1681 1393 1933 1450 genuinam

246 1451 493 1496 lectionem
533 1452 734 1496 servavit
773 1467 878 1496 cum
917 1454 1106 1496 auctore
1143 1452 1296 1496 libelli
1334 1453 1440 1508 περὶ
1482 1451 1737 1506 συντάξεως
1768 1450 1931 1495 Coisli-

247 1511 379 1554 niani
418 1513 465 1555 et
502 1511 707 1555 Macar-io
744 1510 1117 1568 Chrysocephalo
1154 1512 1350 1568 praebet
1389 1511 1555 1556 ἑαυτὸν
1593 1510 1930 1568 προσαγγέλλει.

246 1570 563 1614 Nihilominus
596 1571 704 1614 huic
742 1571 991 1615 lectionem
1031 1570 1222 1615 alterius
1261 1571 1469 1615 familiae
1509 1572 1776 1615 ἀποθανεῖν
1808 1570 1935 1623 ἀξιοῖ

244 1630 599 1686 praeferendam
644 1643 744 1674 esse
788 1630 966 1687 iudico,
1013 1630 1125 1685 quia
1171 1631 1315 1687 caput
1367 1630 1720 1675 declamationis
1766 1630 1930 1673 mortis

243 1689 410 1745 petitio
443 1691 526 1744 est,
557 1689 608 1732 id
639 1689 764 1745 quod
801 1690 1062 1763 complures
1099 1689 1191 1734 loci
1223 1692 1285 1746 (p.
1311 1694 1484 1743 295,12
1519 1687 1598 1745 ἐφ’
1633 1689 1753 1744 ὑμᾶς
1783 1688 1930 1743 ἀπήν-

243 1765 362 1804 τηκα
392 1746 672 1806 βουλόμενος
702 1750 753 1793 ἐκ
783 1746 1121 1821 προσαγγελίας
1151 1750 1442 1804 ἀποθανεῖν;
1472 1763 1518 1805 p.
1545 1753 1721 1802 296,1Ο
1751 1745 1847 1803 ἥκω
1874 1774 1927 1779 -

244 1808 388 1860 ἀξιῶν
420 1823 498 1863 μοι
526 1814 662 1852 τοῦτο
695 1809 904 1863 δοθῆναι
934 1805 1048 1863 παρ’
1082 1809 1211 1865 ὑμῶν
1243 1809 1294 1853 ἐν
1326 1806 1451 1864 μέρει
1481 1814 1563 1864 τῆς
1587 1806 1797 1864 μεγίστης
1828 1809 1929 1863 φιλ

243 1864 543 1922 ανθρωπίας,
575 1867 864 1922 ἀποθανεῖν;
891 1882 937 1923 p.
957 1871 1122 1922 308,16
1148 1866 1329 1925 ἀγήοχα
1352 1868 1432 1911 καὶ
1454 1867 1629 1923 ταύτην
1654 1866 1929 1922 (θυγατέρα)

243 1925 308 1976 εἰς
337 1925 388 1969 τὸ
421 1925 748 1999 βουλευτήριον
780 1925 1064 1982 δεησομένην
1096 1928 1223 1984 ὑμῶν
1255 1926 1423 1983 καινὴν
1449 1925 1606 1981 δέησιν
1631 1952 1685 1958 —-
1711 1923 1929 1983 λαβόντες

242 1984 386 2029 αὐτὸν
416 1982 737 2042 ἀποκτείνατε)
771 1985 944 2030 diserte
973 1987 1218 2053 testantur.
1281 1986 1477 2030 Accedit
1508 1985 1633 2040 quod
1659 1984 1708 2028 ἐν
1738 1984 1930 2035 ταύταις

242 2044 417 2100 optime
449 2058 554 2087 cum
584 2045 852 2090 ἀποθανεῖν
891 2045 1033 2099 ἀξιοῖ,
1065 2044 1217 2089 minus
1249 2059 1355 2089 vero
1394 2059 1498 2088 cum
1531 2044 1698 2089 ἑαυτὸν
1728 2057 1925 2100 προσαγ-

241 2101 384 2158 γέλλει
425 2103 651 2148 convenit.
715 2103 877 2148 Altera
913 2118 1021 2148 vero
1059 2105 1199 2149 lectio
1239 2104 1379 2148 facile
1418 2105 1467 2147 in
1506 2105 1686 2147 textum
1723 2103 1925 2158 irrepere

239 2162 410 2218 potuit,
442 2163 552 2219 quia
582 2162 918 2207 Demosthenes
949 2164 1123 2207 multus
1157 2156 1230 2208 est
1264 2164 1314 2206 in
1346 2176 1394 2207 se
1432 2163 1535 2220 ipso
1567 2162 1824 2206 incusando
1856 2163 1924 2204 at·

240 2235 329 2276 que
360 2221 411 2264 id
443 2221 601 2266 crebro
632 2222 876 2278 profitetur
899 2222 973 2279 (cf.
998 2238 1029 2279 p
1070 2227 1265 2277 295,12;
1305 2226 1405 2277 307,
1425 2227 1447 2265 7
1483 2222 1592 2296 οὐχ
1603 2219 1742 2265 ἱκανὰ
1779 2227 1926 2264 ταῦτα

238 2278 570 2342 προσαγγελία,
619 2281 675 2325 οὐ
722 2278 910 2339 μέγιστα
956 2281 1013 2325 τὰ
1059 2281 1339 2338 ἐγκλήματα,
1387 2282 1443 2325 οὐ
1482 2279 1659 2337 μυρίων
1697 2278 1924 2324 θανατων
2009 2345 2010 2353 ¹

239 2337 367 2392 ἅξιας
402 2354 444 2395 p.
472 2325 571 2393 308,
592 2338 696 2383 10’ν
671 2357 749 2383 ινα
774 2341 928 2391 συνεὶς
950 2346 1031 2396 τῆς
1056 2339 1416 2396 φιλανθρωπίας
1438 2347 1520 2397 τῆς
1542 2337 1763 2397 ὑμετέρας
1785 2351 1924 2393 προσ-

238 2395 463 2455 αγγείλω)
524 2374 836 2442 Nihilominus
870 2399 1257 2444 declamationem
1287 2402 1341 2443 ut
1365 2413 1393 2443 a
1415 2399 1567 2456 priore
1601 2398 1922 2450 discernerem,

237 2456 474 2512 inscripsi:
507 2458 822 2502 Demosthenis
852 2472 895 2502 se
926 2460 1183 2503 incusantis
1214 2461 1372 2504 oratio.

357 2519 400 2571 2)
439 2515 705 2572 Exemplari
752 2531 835 2562 suo
882 2517 1101 2562 editionis
1144 2517 1428 2562 Reiskianae
1476 2516 1746 2573 adscripsit.
1793 2515 1924 2558 Haec

236 2575 504 2619 declamatio
534 2589 627 2620 non
658 2581 722 2620 est
751 2577 959 2631 Libanii,
988 2577 1067 2621 sed
1096 2578 1342 2621 imitatoris
1372 2576 1610 2621 cuiusdam
1649 2574 1920 2620 aemulantis

237 2634 624 2678 Declamationem
646 2649 697 2690 p.
722 2638 834 2690 240,
874 2649 994 2691 quae
1032 2635 1128 2680 fere
1162 2636 1383 2692 repetivit
1413 2635 1570 2679 Revue
1602 2634 1660 2677 de
1690 2632 1853 2690 philol.
1878 2631 1920 2675 H

235 2706 280 2747 p.
305 2697 405 2736 425.
481 2692 816 2736 ‘Lectionibus’
860 2696 919 2750 (p.
956 2698 1056 2750 149)
1098 2695 1221 2739 hanc
1262 2694 1507 2751 praemisit
1550 2695 1730 2737 notam:
1779 2692 1922 2736 Hanc

235 2751 605 2796 declamationem
640 2753 739 2796 noli
776 2754 978 2798 Libanio
1017 2754 1233 2808 tribuere,
1276 2769 1304 2797 a
1343 2755 1476 2798 cuias
1513 2753 1695 2810 inqenio
1727 2763 1919 2807 prorsus

236 2811 402 2854 abhori
402 2816 454 2854 et
515 2811 773 2854 Imitatoris
809 2818 874 2856 est
908 2813 1022 2857 satis
1059 2813 1217 2856 ieiuni.
1281 2812 1492 2867 Denique
1533 2811 1688 2855 ‘Brevi
1727 2810 1918 2853 annota-

234 2868 352 2912 tioni
392 2869 453 2912 ad
491 2869 697 2925 quinque
734 2869 919 2914 Libanii
958 2870 1351 2916 Declamationes’
1392 2870 1572 2927 publici
1610 2869 1725 2913 iuris
1762 2868 1918 2911 factae

233 2926 283 2970 in
331 2927 640 2985 ‘Allgemeine
688 2928 1018 2986 Schulzeitung
1066 2934 1178 2974 1832
1227 2930 1391 2986 (Abth.
1423 2930 1466 2973 II
1503 2945 1547 2974 n.
1576 2933 1599 2971 7
1640 2927 1723 2972 col.
1758 2931 1813 2970 49
1832 2927 1917 2982 sq.)
