2010 3168
966 646 1159 702 XXVI.

216 770 509 819 declamatio
555 770 794 834 inscripta
840 770 1144 830 Δύσκολος
1189 769 1378 836 γήμας
1425 770 1599 820 λάλον
1644 775 1901 837 γυναῖκα

214 842 425 892 ἑαυτὸν
457 842 903 910 προσαγγέλλει,
937 862 1037 908 qua
1060 861 1282 894 morosus
1306 846 1571 907 impatiens
1596 847 1825 909 garrulae
1851 847 1902 893 in

214 919 591 967 matrimonium
613 935 780 967 recens
799 918 974 967 ductae
991 920 1228 983 mulieris,
1245 937 1304 967 ne
1323 920 1428 982 ipse
1445 919 1540 968 sibi
1556 922 1764 968 mortem
1789 935 1902 968 con-

215 994 391 1041 sciscat
401 986 460 1059 1),
485 994 697 1041 cicutam
723 1010 751 1041 a
776 996 950 1041 senatu
984 994 1077 1042 sibi
1102 994 1210 1041 dari
1231 995 1374 1056 petit.
1412 993 1481 1041 Ut
1505 994 1799 1042 declamatio
1826 1010 1901 1042 ar-

215 1068 367 1130 gutiis
395 1075 788 1131 χαρακτηρισμοῦ
800 1062 858 1134 2)‚
883 1069 1091 1130 facetiis,
1118 1071 1222 1116 arte
1248 1069 1538 1117 elocutionis
1563 1068 1903 1130 imprimisque

336 1226 377 1279 1)
395 1223 495 1267 Hoc
512 1223 793 1279 institutum,
813 1224 1169 1280 quodLibanius
1185 1239 1229 1281 p.
1242 1229 1340 1278 513,
1355 1229 1377 1268 1
1391 1239 1456 1279 sq.
1476 1224 1679 1280 explicat
1695 1223 1903 1280 alibique

217 1285 266 1338 (t.
285 1283 348 1327 IV
374 1287 530 1337 159,7;
559 1287 717 1338 170,4;
746 1289 903 1339 178,5;
931 1289 1082 1339 217‚3;
1109 1284 1343 1341 231,23R)
1375 1297 1522 1339 aeque
1554 1286 1694 1339 atque
1723 1283 1906 1337 Quinti-

214 1341 368 1386 lianus
387 1342 501 1387 decl.
515 1347 597 1386 337
614 1346 959 1398 commemorat,
971 1344 1167 1387 Athenis
1184 1343 1329 1388 fuisse
1344 1356 1589 1399 nusquam,
1600 1343 1723 1398 quod
1742 1343 1899 1399 sciam,

214 1401 443 1445 traditum
460 1404 543 1455 est,
561 1403 644 1446 sed
663 1403 830 1446 mirum
850 1403 899 1446 in
915 1404 1104 1447 modum
1122 1402 1337 1459 congruit
1353 1417 1456 1446 cum
1478 1402 1535 1446 iis
1553 1417 1672 1458 quae
1690 1402 1903 1446 Valerius

215 1460 446 1504 Maximus
465 1461 520 1504 de
536 1461 729 1505 Ceorum
746 1464 793 1505 et
806 1462 1168 1506 Massiliensium
1186 1462 1518 1506 consuetudine
1537 1462 1654 1505 dicit
1668 1461 1710 1505 Π
1724 1466 1764 1516 6,
1777 1466 1800 1505 7
1813 1475 1902 1516 sq.:

215 1535 433 1564 venenum
457 1522 608 1565 cicuta
631 1527 923 1578 temperatum
946 1524 999 1566 in
1023 1537 1076 1566 ea
1093 1522 1499 1578 (Massiliensium)
1525 1522 1705 1565 civitate
1722 1521 1904 1577 publice

215 1581 480 1632 custoditur,
505 1581 624 1636 quod
648 1581 788 1626 datur
811 1583 865 1636 ei,
891 1583 971 1638 qui
994 1595 1158 1626 causas
1187 1582 1396 1625 sescentis
1420 1607 1475 1612 —
1500 1581 1550 1625 id
1578 1582 1696 1624 enim
1718 1586 1903 1625 senatus

216 1641 313 1682 eius
343 1653 506 1683 nomen
537 1645 602 1684 est
633 1666 687 1672 —
714 1641 929 1695 eoehibuit,
954 1646 1143 1697 propter
1173 1654 1287 1696 quas
1317 1654 1437 1685 mors
1466 1642 1527 1684 sit
1549 1640 1622 1683 illi
1644 1640 1904 1695 expetenda,

216 1700 468 1756 cognitione
498 1700 628 1743 virili
658 1700 970 1744 benivolentia
988 1705 1255 1757 temperata,
1295 1714 1409 1754 quae
1448 1713 1588 1756 neque
1630 1699 1781 1757 eyredi
1809 1700 1905 1743 vita

215 1763 372 1802 temere
409 1759 591 1814 patitur
622 1764 664 1803 et
693 1760 921 1815 sapienter
955 1761 1160 1804 eoecedere
1199 1759 1402 1814 cupienti
1439 1760 1613 1803 celerem
1654 1759 1746 1812 fati
1782 1761 1904 1802 viam

212 1818 407 1872 praebet.
434 1832 570 1873 quam
593 1819 958 1863 consuetudinem
986 1819 1351 1863 Massiliensium
1374 1831 1468 1862 non
1491 1819 1542 1862 in
1563 1818 1722 1862 Gallia
1745 1823 1905 1872 ortam,

215 1877 291 1920 secl
323 1890 377 1920 ex
411 1878 606 1921 Graecia
637 1879 911 1922 translatam
950 1879 1056 1923 inde
1094 1879 1319 1932 eaeistimo,
1361 1877 1481 1934 quod
1519 1877 1647 1920 illam
1686 1878 1821 1921 etiam
1852 1878 1904 1920 in

216 1936 373 1979 insula
414 1937 502 1980 Cea
539 1939 713 1980 servari
751 1937 1078 1991 animadverti,
1117 1951 1203 1994 quo
1243 1943 1434 1994 tempore
1473 1938 1636 1980 Asiam
1672 1950 1772 1980 cum
1804 1935 1902 1980 Sex.

216 1996 429 2050 Pompeio
470 2001 627 2051 petens
672 1997 870 2041 Iulidem
913 1997 1131 2053 oppidum
1177 1997 1362 2041 intravi.
1434 1994 1610 2048 Quibus
1658 1994 1907 2052 corrigitur

217 2055 341 2108 quod
373 2054 557 2110 Lipsius
590 2054 1099 2111 (Meier-Schoemann,
1132 2057 1227 2099 Att.
1262 2055 1449 2099 Process
1488 2070 1532 2111 p.
1560 2059 1642 2099 381
1676 2055 1770 2098 not.
1801 2055 1903 2110 524)

215 2112 335 2156 hanc
353 2126 451 2156 rem
465 2128 652 2170 prorsus
670 2114 891 2182 figmento
909 2115 1095 2158 Libanii
1112 2114 1340 2158 contineri
1365 2114 1493 2158 dicit.
1539 2113 1605 2158 Cf.
1623 2128 1667 2170 p.
1688 2117 1773 2157 550
1777 2118 1901 2169 ,7sq.

337 2175 380 2230 2)
413 2173 570 2216 Etiam
601 2174 752 2231 magis
785 2174 923 2217 huius
955 2174 1218 2218 litterarum
1250 2173 1455 2230 generis,
1495 2173 1552 2217 de
1592 2186 1682 2229 quo
1721 2172 1771 2215 in
1803 2185 1905 2216 ora-

217 2231 343 2275 tione
374 2231 635 2275 Kiloniensi
663 2237 775 2277 1884
807 2233 1034 2289 inscripta
1064 2235 1158 2278 Die
1188 2233 1542 2291 Physioynomik
1573 2233 1652 2276 der
1685 2232 1905 2277 Griechen

217 2306 260 2346 p.
289 2295 342 2333 15
374 2291 514 2335 verba
537 2291 641 2346 feci,
668 2306 807 2347 quam
833 2292 1099 2337 comoediae
1122 2293 1310 2336 Atticae
1335 2291 1577 2335 studium
1564 2306 1614 2334 1n
1637 2291 1726 2334 hac
1750 2289 1904 2334 decla-

215 2349 420 2394 mat-ione
453 2351 653 2394 eminere
679 2351 921 2395 contendo.
984 2351 1107 2395 Nam
1131 2351 1255 2407 quod
1281 2350 1362 2394 Th.
1390 2351 1595 2395 Kockius
1619 2349 1774 2394 Herm.
1801 2349 1906 2392 XXI

217 2413 303 2451 394
335 2411 383 2453 et
414 2408 537 2453 Com.
563 2410 659 2453 Att.
693 2411 748 2453 fr.
773 2410 836 2454 111
862 2415 946 2454 670
980 2413 1026 2455 et
1054 2414 1108 2454 37
1143 2411 1469 2467 argumentum
1502 2423 1557 2454 ex
1587 2423 1694 2452 una
1726 2422 1904 2452 comoe-

218 2468 309 2522 dia,
337 2483 477 2524 quam
501 2468 786 2512 Meinekium
819 2470 906 2526 (Fr.
934 2484 1048 2513 com.
1076 2469 1151 2513 Gr.
1176 2472 1208 2513 t.
1233 2469 1296 2513 IV
1323 2471 1423 2526 106)
1449 2472 1633 2512 secutus
1658 2467 1903 2512 Menandri

216 2526 456 2572 Δύσκολον
487 2527 630 2571 fuisse
663 2529 875 2584 coniecit,
895 2532 1145 2585 sumptum
1177 2543 1274 2572 esse
1301 2529 1431 2584 dicit,
1461 2528 1511 2571 id
1543 2529 1702 2584 aperte
1733 2526 1904 2570 falsum

217 2588 299 2630 est.
362 2586 483 2629 Nam
516 2586 801 2630 diversarum
834 2587 1179 2632 comoediarum
1206 2601 1363 2631 versus
1394 2587 1718 2643 respiciuntur
1771 2585 1902 2629 Eius-

217 2645 322 2688 dem
355 2648 512 2689 autem
543 2645 629 2689 viri
662 2647 786 2689 docti
820 2647 1064 2690 conamina
1094 2661 1252 2691 versus
1297 2646 1564 2692 comoediae
1594 2645 1904 2689 Menandreae
1930 2690 1933 2691 ο

217 2718 242 2747 e
265 2704 418 2748 verbis
442 2705 711 2748 Libanianis
734 2706 1051 2750 restituendae
1067 2706 1255 2762 probari
1272 2719 1363 2749 non
1387 2719 1523 2762 posse
1538 2705 1632 2748 iam
1649 2704 1698 2747 in
1715 2703 1903 2748 Adden-

217 2763 289 2806 dis
315 2767 362 2807 et
379 2763 672 2820 Corrigendis
690 2764 751 2808 ad
766 2767 877 2808 tom.
894 2765 961 2821 Ip
966 2765 1035 2809 ‚X
1052 2765 1151 2808 dixi
1175 2765 1469 2809 consentiens
1494 2778 1599 2808 cum
1619 2764 1669 2806 A.
1689 2761 1902 2806 Nauckio

217 2821 323 2866 Mel.
357 2822 707 2866 Grecoromains
736 2823 795 2867 VI
821 2830 843 2868 1
871 2780 1006 2881 (Bull.
1033 2824 1090 2867 de
1115 2824 1291 2868 l'.Acad
1319 2823 1376 2867 de
1401 2823 1465 2867 St.
1491 2822 1695 2866 Petersb.
1721 2821 1779 2866 N.
1799 2822 1841 2865 S.
1860 2821 1903 2864 Π

219 2883 367 2950 (1892)
392 2897 435 2949 p.
456 2884 572 2938 617).
625 2882 938 2926 Nihilominus
963 2883 1211 2926 Libanium
1234 2883 1383 2926 multa
1406 2896 1431 2927 e
1456 2881 1707 2926 comoediis
1732 2880 1903 2924 Atticis

218 2940 445 2996 imprimis
478 2941 771 2985 Menandreis
803 2942 879 2998 (cf
905 2940 1081 2985 Choric.
1117 2941 1235 2997 apol.
1261 2942 1387 2985 mim.
1414 2946 1439 2994 ξ
1466 2947 1490 2984 9
1522 2956 1567 2996 p.
1593 2942 1784 2996 228,12)
1815 2939 1902 2982 mi-
