2010 3168
205 99 274 151 66
794 94 1084 140 GREGORII
1115 93 1316 138 CYPRH

208 237 377 287 ναίων
416 234 667 300 σπουδὴν
705 232 852 302 παρὰ
893 236 1112 300 φαῦλον
1142 231 1390 299 θέμενοι,
1429 237 1539 281 ποῦ
1572 230 1788 282 δίκαιον
1820 231 1894 298 μὴ

203 325 443 390 πόλεμον
482 333 660 375 κινεῖν
701 320 782 374 ἐπ’
828 321 1029 382 αὐτοὺς
1068 318 1158 372 καὶ
1199 321 1358 387 δίκην
1398 317 1554 381 ἀξίαν
1596 326 1691 386 τῆς
1728 318 1894 386 ὑπερ-

203 415 366 475 οψίας
421 412 746 480 λαμβάνειν;
801 408 885 462 25.
934 409 1166 475 οὐκοῦν,
1222 409 1421 477 ἄνδρες
1460 406 1747 475 ’”Ἐλληνες,
1801 406 1892 460 καὶ

203 498 496 569 ἐκινοῦμεν
542 501 640 552 τὸν
685 500 925 566 πόλεμον
971 498 1062 550 καὶ
1111 498 1271 565 δίκην
1311 496 1687 564 ἐλαμβάνομεν
1736 495 1895 559 ἀξίαν

157 611 175 642 5
201 589 304 656 μὲν
351 589 628 656 οὐδαμῶς,
683 584 798 640 ἀλλ’
852 586 922 654 ἣν
971 586 1288 654 ἐνομίζομεν
1328 585 1647 654 ἀποχρῆναι.
1702 586 1790 637 καὶ
1831 586 1892 638 τὸ

200 685 422 746 πρᾶγμα
455 677 527 739 ὡς
559 676 941 745 ἐννομώτατον
971 671 1058 742 ἦν,
1082 676 1280 727 κωλύει
1314 675 1417 742 γὰρ
1446 676 1575 736 τοὺς
1605 674 1895 736 τοιούτους

201 766 514 832 ἀμύνεσθαι
555 767 682 818 οὔτε
720 767 889 833 νόμος
928 763 1114 826 οὐδεὶς
1154 763 1280 816 οὔτε
1319 766 1451 825 θεὸς
1491 759 1616 815 οὔθ’
1661 763 1694 830 ἡ
1734 763 1893 831 κοινὴ

199 865 311 906 τῶν
365 854 683 924 ἀνθρώπων
738 854 1025 920 συνήθεια.
1079 851 1312 918 μάλιστα
1366 848 1467 920 μὲν
1521 847 1623 903 οὖν
1682 852 1773 903 καὶ
1827 852 1892 903 τὰ

200 943 306 995 ἀπὸ
346 952 456 995 τῶν
494 948 649 995 θεῶν
687 942 1123 1009 παραδείγματα,
1171 933 1254 1002 οἷς
1302 938 1458 992 αὐτοὶ
1504 938 1592 992 καὶ
1633 948 1893 1008 σκηπτοῖς

133 1056 175 1087 10
201 1033 423 1084 ἄνωθεν
462 1030 551 1084 καὶ
592 1032 790 1100 χαλάζῃ
840 1030 1107 1098 βάλλουσι
1156 1028 1263 1098 καὶ>
1297 1029 1464 1081 ὕδασι
1502 1031 1762 1095 πνίγουσι
1802 1028 1891 1080 καὶ

197 1128 331 1171 πᾶσι
355 1122 578 1188 τρόποις
601 1122 732 1182 τοὺς
763 1119 1026 1180 ἀνοσίους
1056 1117 1147 1170 καὶ
1181 1118 1507 1186 ἀγνώμονας
1531 1126 1640 1169 τῶν
1672 1116 1890 1181 ἀνθρώ-

197 1226 318 1261 πων
356 1209 666 1274 κολάζουσι,
707 1208 1033 1260 διδασκαλία
1071 1207 1211 1276 πρὸς
1250 1208 1351 1274 τὴν
1382 1215 1494 1258 τῶν
1526 1203 1744 1273 ἐχθρῶν
1778 1205 1892 1258 ἐστι

198 1300 466 1365 τιμωρίαν
507 1297 563 1350 οἵ
598 1295 644 1349 τ’
691 1293 761 1349 αὗ
800 1299 962 1365 νόμοι
1003 1295 1091 1348 ἐπὶ
1134 1296 1309 1366 τούτῳ
1368 1297 1686 1359 καθίζοντες
1741 1295 1890 1347 δικα-

197 1388 326 1448 στὰς
378 1386 662 1438 κολάσεών
717 1405 774 1438 τε
824 1386 941 1452 εἴδη
988 1383 1079 1437 καὶ
1127 1387 1367 1453 τρόπους
1430 1383 1892 1445 ἀναδιδάσκοντες

131 1499 171 1530 15
196 1476 409 1543 πολλὴν
447 1482 739 1527 ποιοῦνται
780 1475 880 1542 τὴν
917 1476 1265 1542 προτροπήν,
1305 1473 1401 1539 ὡς,
1442 1478 1496 1524 εἴ
1528 1491 1673 1533 τινες
1711 1481 1892 1534 κακῶς

198 1560 462 1632 ἔδρασαν,
503 1573 679 1625 κακῶς
739 1561 829 1615 καὶ
902 1562 1228 1614 ἀπόλωνται.
1290 1559 1381 1613 καὶ
1449 1561 1766 1627 ἀνθρώπων
1829 1560 1891 1614 δὲ

196 1651 299 1704 κᾶν
338 1655 467 1714 τοὺς
508 1651 949 1713 ἀσθενεστάτους
970 1656 1162 1712 ἐἴποις
1201 1648 1291 1702 καὶ
1331 1649 1732 1718 μετριωτάτους
1774 1669 1890 1701 και-

198 1742 297 1808 ρὸν
352 1742 577 1808 ἔχοντας
631 1739 872 1807 μετιέναι
926 1741 1057 1802 τοὺς
1119 1739 1449 1801 ἀδικοῦντας
1505 1739 1604 1791 οὐκ
1666 1736 1734 1790 ἂν
1789 1739 1891 1804 τὴν

197 1828 535 1898 ἐπιχείρησιν
580 1831 1040 1898 παραιτήσασθαι.
1097 1827 1271 1889 οὕτως
1326 1826 1711 1895 ἁπανταχόθεν
1756 1846 1890 1893 προ-

128 1940 171 1973 20
195 1917 566 1987 τετραμμένον
606 1915 756 1970 ἐστὶν
789 1917 1100 1983 ἀμύνεσθαι
1140 1919 1270 1978 τοὺς
1303 1915 1556 1985 ἐχθρούς,
1595 1913 1685 1967 καὶ
1724 1917 1889 1967 κεκώ-

195 2010 355 2058 λυται
397 2006 665 2076 οὐδαμῶς.
708 2006 793 2058 26.
828 2005 856 2058 ὃ
892 2007 959 2073 δὴ
991 2006 1081 2057 καὶ
1114 2006 1267 2073 ἡμεῖς
1300 2003 1611 2070 ἐποιοῦμεν,
1649 2003 1890 2070 θάτερον

195 2092 256 2147 δὲ
281 2095 554 2163 οὐδαμῶς,
585 2094 725 2162 λέγω
759 2096 819 2147 τὸ
852 2094 995 2147 οὕτω
1030 2101 1306 2164 τραφῆναι
1338 2094 1765 2161 παρασκευάσαι.
1798 2090 1888 2144 καὶ

195 2184 298 2251 γὰρ
349 2184 476 2236 οὔτε
523 2184 868 2252 παράδειγμα
918 2191 1017 2236 τοῦ
1066 2183 1339 2235 τοσούτου
1386 2183 1595 2249 μύσους
1635 2180 1890 2249 ἑωρῶμεν

195 2271 579 2341 γεγενημένον,
604 2272 743 2340 πρὸς
768 2272 899 2339 ὅπερ
927 2272 1070 2332 εἰκὸς
1095 2266 1164 2338 ἦν
1197 2270 1494 2332 ἀπιδόντας
1526 2273 1888 2338 μιμήσασθαι,

128 2383 170 2415 25
194 2359 299 2412 κᾶν
353 2362 510 2414 ἄλλοι
565 2361 711 2422 τινες
764 2362 953 2429 μυρίοι
1007 2361 1145 2429 πρὸς
1198 2360 1405 2426 ταύτην
1460 2357 1737 2420 ἐξέκλιναν
1786 2359 1888 2423 τὴν

192 2450 421 2516 μανίαν,
478 2447 595 2501 ἀλλ’
649 2445 969 2517 Ἀθηναίοις
1030 2467 1090 2515 γε
1147 2447 1213 2499 οὐ
1268 2448 1405 2515 πρὸς
1460 2448 1677 2514 φύσεως
1730 2444 1887 2513 μέχρι

192 2537 462 2590 τοσούτου
526 2538 626 2604 τὴν
689 2537 862 2604 ὀργὴν
923 2539 1324 2605 παρεκτείνειν,
1388 2535 1595 2586 οὔκουν
1657 2531 1775 2586 οὐδ’
1838 2534 1887 2584 εἰ

315 2731 336 2768 1
366 2725 575 2780 σπονδὴν
596 2727 638 2769 V
753 2731 777 2768 6
808 2726 868 2776 ὡς
892 2725 1067 2769 inserui
1093 2738 1116 2767 e
1135 2725 1231 2768 LV
1287 2738 1362 2767 om
1382 2723 1518 2766 Schm
1642 2728 1696 2765 14
1721 2722 1886 2765 ἀναδι-

194 2784 444 2835 δάσκοντες
477 2784 641 2840 scripsi
667 2798 692 2828 e
717 2785 815 2827 LV
870 2783 1171 2834 διδάσκοντες
1198 2782 1335 2826 Sehm
1460 2787 1511 2824 17
1547 2780 1692 2831 εἴποις
1721 2781 1886 2836 scripsi

195 2859 218 2886 e
254 2845 296 2887 V
351 2842 484 2900 εἴπῃς
508 2844 552 2887 L
585 2842 721 2885 Schm
844 2847 898 2885 25
933 2841 1087 2898 μυρίοι
1119 2841 1293 2885 inserui
1326 2855 1350 2885 e
1377 2842 1474 2885 LV
1529 2854 1602 2883 om
1629 2840 1765 2883 Sehm

195 2907 250 2945 26
283 2899 382 2945 ἀλλ’
415 2927 469 2933 -
497 2907 550 2944 27
584 2899 904 2955 παρεκτείνειν
937 2902 1054 2944 citat
1086 2900 1201 2943 Plan
1235 2901 1262 2942 1.
1290 2900 1319 2943 1.
