2010 3168
231 103 298 155 lO
390 111 392 113 ’
677 103 906 147 LIBANII
937 103 1326 150 DECLAMATIO
1357 105 1461 149 XIII

227 239 430 301 αὑτοὺς
483 243 768 305 νομίζουσι
821 240 954 306 μετὰ
1007 240 1268 308 τοιαύτην
1321 243 1658 310 πολιορκίαν.
1711 244 1757 295 εἰ
1809 245 1912 312 γὰρ

225 337 341 389 τοῖς
393 333 675 380 παθοῦσιν
732 326 856 380 οὐδ’
919 327 1303 397 εἰπεῖν,θε’μις
1355 329 1492 395 ὑπὲρ
1549 325 1627 383 ὧν
1682 333 1914 400 ἔπαθον,

225 426 339 478 πῶς
379 415 707 483 εὐσεβοῦσιν
743 417 801 468 οἱ
835 417 1049 469 τούτων
1080 422 1246 470 αἴτιοι
1277 420 1591 484 παριόντες;
1631 418 1680 472 5.
1719 421 1780 473 τὸ
1812 417 1914 489 μὲν

226 500 329 557 οὖν
362 504 446 572 ἐφ’
484 505 614 573 ἡμῖν
647 514 762 567 τοῖς
799 507 1144 573 Κορινθίοις,
1169 505 1296 558 οὔτε
1327 507 1600 559 Ποτίδαια
1631 507 1915 562 ἀπόλωλεν

180 617 200 649 5
226 594 351 646 οὔτε
391 593 423 661 ἡ
464 602 574 645 τῶν
614 592 924 661 Ἀθηναίων
967 595 1124 656 πόλις
1169 593 1459 663 ἠσέβηκεν,
1506 595 1539 663 ἡ
1579 597 1683 666 γὰρ
1725 596 1914 664 ἐκπεμ-

225 688 432 748 φθεῐσα
474 682 707 748 δύναμις
746 681 806 735 ἐκ
846 684 1137 749 Κορίνθου
1177 683 1310 751 μετὰ
1347 681 1631 753 Ἀριστέως
1667 694 1782 747 τοῖς
1811 683 1914 752 μὲν

225 771 302 831 εἰς
340 772 440 838 τὴν
480 773 780 839 σωτηρίαν,
828 771 1045 833 τούτοις
1093 767 1154 824 δὲ
1194 772 1272 833 εἰς
1311 772 1372 825 τὸ
1421 773 1492 841 μὴ
1531 782 1913 843 παρανομῆσαι

225 858 538 927 συνεμάχει·
602 859 716 912 ἐπεὶ
779 857 839 912 δὲ
894 859 1284 928 ἀσθενέστεροι
1341 862 1584 914 κωλύσαι
1638 863 1709 914 τὰ*
1759 863 1914 915 δεινὰ

225 947 528 1016 ἐφάνημεν,
581 950 643 1001 τὸ
700 951 1118 1017 τιμωρήσασθαι
1172 958 1283 1002 τῶν
1336 949 1735 1019 πεπραγμένων
1785 954 1915 1014 τοὺς

160 1060 202 1092 ιο
228 1037 437 1098 αἰτίους
480 1038 848 1090 ὑπολείπεται.

336 1124 384 1177 6.
429 1123 778 1192 Ἐπιτρέψατε
827 1122 875 1178 δ’
921 1126 1053 1194 ἡμῖν
1099 1128 1206 1194 πρὸ
1253 1134 1349 1195 τῆς
1395 1125 1702 1195 Ἀθηναίων
1754 1147 1914 1196 κατη-

224 1218 414 1282 γορίας
453 1214 612 1281 ὀλίγα
659 1216 796 1283 πρὸς
841 1215 983 1283 ὑμᾶς
1028 1216 1231 1277 αὐτοὺς
1275 1217 1777 1285 παρρησιάσασθαι.
1822 1214 1914 1269 καὶ

224 1303 326 1369 γὰρ
368 1299 498 1355 οὐδὲ
539 1305 675 1356 ἄλλα
723 1302 835 1356 ἐστὶ
881 1305 947 1356 τὰ
993 1305 1313 1372 λυμήναντα
1359 1314 1474 1367 τοῖς
1524 1305 1843 1374 πράγμασιν
1881 1303 1913 1373 ἢ

223 1389 384 1443 ταῦθ’
432 1392 567 1457 ἅπερ
607 1400 715 1445 νῦν
754 1391 1000 1462 ἐροῦμεν.
1041 1391 1131 1445 καὶ
1164 1393 1290 1445 οὔτε
1325 1394 1600 1446 Ποτίδαια
1640 1394 1814 1456 οὕτως
1845 1392 1914 1447 ἂν

343 1574 368 1611 4
402 1568 460 1612 cf.
493 1570 525 1612 t.
553 1568 594 1611 V
619 1572 718 1622 389,
737 1572 762 1611 9
887 1573 911 1611 6
945 1567 1002 1611 cf.
1035 1569 1068 1611 t.
1096 1567 1137 1610 II
1162 1572 1232 1623 28,
1252 1573 1319 1612 14.
1353 1568 1498 1613 Thuc.
1523 1569 1543 1612 I
1568 1573 1640 1624 60,
1658 1574 1683 1612 2

347 1739 367 1774 1
403 1732 573 1781 αὐτοὺς
597 1731 835 1775 HVBMa
867 1731 948 1774 sed
973 1731 1022 1773 in
1045 1731 1133 1775 hoc
1154 1727 1166 1744 ³
1194 1730 1244 1773 in
1261 1727 1272 1744 ‘
1306 1744 1408 1775 corr
1437 1731 1519 1786 ωδ,
1548 1731 1599 1775 Ol
1720 1736 1744 1774 2
1770 1738 1914 1776 πᾶσιν

234 1791 290 1834 Vi
321 1791 401 1834 sed
434 1794 673 1834 παθοῦσιν
704 1789 754 1833 in
792 1803 923 1846 marg
953 1789 1024 1832 m³
1167 1794 1192 1833 3
1232 1790 1479 1844 παριόντες
1518 1790 1683 1846 scripsi
1725 1792 1914 1835 auctore

225 1850 292 1892 Re
369 1865 452 1903 περ
487 1848 614 1901 ὄντες
644 1849 754 1892 libri
786 1849 875 1892 edd
951 1847 1239 1906 ὑπάρχοντες
1267 1848 1430 1892 Iacobs
1464 1850 1563 1892 Ach
1594 1849 1684 1894 Tat.
1710 1854 1793 1894 778

224 1915 251 1951 4
277 1906 361 1953 οὖν
386 1908 510 1952 inser
534 1910 578 1952 B
693 1914 718 1951 5
745 1906 848 1952 οὐδ’
880 1909 986 1952 HV
1102 1912 1124 1950 7
1150 1907 1234 1963 τὴν
1259 1922 1334 1951 om
1361 1909 1422 1952 M
1444 1908 1451 1966 Ι
1477 1909 1659 1960 τούτοις
1683 1907 1734 1952 δὲ
1762 1910 1807 1952 Β
1832 1908 1915 1952 sed

224 1975 320 2017 τοῖς
352 1965 399 2011 δ’
434 1968 632 2012 infrascr
693 1975 789 2018 τοῖς
820 1964 867 2011 δ’
898 1967 1002 2011 HV
1029 1968 1076 2009 eb
1109 1967 1212 2010 coni
1245 1967 1347 2010 Mor
1376 1967 1472 2010 Not
1501 1968 1531 2011 f.
1559 1967 1645 2010 VIv
1765 1972 1791 2011 8
1824 1985 1914 2011 κω-

223 2029 355 2070 λῦσαι
383 2029 471 2071 Ma
503 2027 594 2070 edd
626 2028 822 2071 fortasse
852 2029 978 2070 recte
1009 2028 1060 2070 at
1091 2026 1147 2070 ef.
1182 2026 1242 2068 ad
1272 2028 1306 2069 13.
1333 2026 1374 2069 V
1397 2031 1542 2081 473‚8
1689 2030 1742 2070 10
1774 2027 1932 2070 ὑπαι-·

222 2085 351 2138 τίους
382 2087 643 2131 BViMaCl
779 2092 830 2129 11
868 2083 1178 2141 Ἐπιτρέψατε
1203 2111 1258 2117 -
1287 2090 1355 2139 18,
1376 2091 1398 2129 1
1441 2084 1757 2136 Ποτιδαιάτας
1796 2085 1915 2129 citat

224 2145 286 2189 Io.
310 2144 443 2189 Sicel.
470 2145 647 2202 Doxap.
681 2145 728 2188 in
762 2144 1095 2188 commentario
1129 2144 1188 2187 ad
1220 2144 1526 2200 Hermogenis
1558 2146 1664 2198 περὶ
1696 2144 1915 2199 εὑρέσεως

225 2205 265 2247 11
290 2210 315 2247 5
350 2204 522 2249 codicis
553 2204 826 2248 Baroceiani
858 2219 925 2260 gr.
955 2208 1038 2247 175
1070 2203 1149 2247 fol.
1178 2207 1232 2246 66
1267 2203 1340 2259 (cf.
1374 2203 1474 2247 t.11
1504 2219 1548 2260 p.
1575 2207 1649 2260 86)
1682 2203 1740 2247 ad
1774 2203 1914 2247 verba

225 2281 294 2308 οτι
331 2263 564 2332 Αθηναῖοι
606 2264 816 2320 ἀρχῆθεν
846 2264 1034 2337 ἀσεβεῖς
1059 2262 1145 2318 (ed.
1179 2262 1313 2306 Walz
1344 2262 1460 2306 rhet
1494 2277 1560 2319 gr.
1586 2263 1649 2306 ΙΙΙ
1679 2277 1723 2318 p.
1750 2264 1912 2320 89,17)

223 2323 492 2379 praemissis
531 2322 682 2365 verbis
724 2319 972 2377 σημείωσαι
1006 2319 1075 2365 ὅτι
1108 2320 1131 2364 6
1166 2320 1390 2379 Λιβάνιος
1422 2322 1471 2366 ἐν
1510 2324 1572 2381 τῷ
1610 2322 1810 2377 παρόντι
1839 2325 1914 2378 ζη-

224 2398 389 2438 τηματι
419 2382 502 2426 τὸν
533 2380 792 2438 κατήγορον
825 2384 1020 2437 μελετῶν
1059 2386 1139 2435 τῆς
1171 2380 1253 2436 μὲν
1293 2370 1553 2438 διηγήσεως
1579 2381 1799 2425 ἐντεῦθεν
1831 2397 1912 2436 αρ-

224 2457 353 2513 χεται
386 2441 526 2486 ἔνθεν
558 2441 637 2484 καὶ
670 2439 694 2484 6
726 2439 1043 2497 τεχνογράφος
1072 2438 1212 2495 λεγει,
1252 2438 1302 2483 ἐν
1343 2440 1393 2483 δὲ
1432 2446 1487 2497 τῇ
1523 2439 1824 2496 προδιηγήσει
1857 2439 1912 2483 οὐ

225 2499 379 2543 πάντα
409 2499 742 2573 περιλαμβάνει
774 2495 838 2543 ὧν
871 2498 895 2542 6
928 2496 1246 2555 τεχνογράφος
1275 2498 1334 2542 τὰ
1367 2505 1453 2543 νῦν
1485 2498 1775 2555 μνημονεύει,
1807 2497 1913 2542 οὔτε

226 2559 328 2661 Ξὲἷὲε
357 2559 466 2672 ’,ἱίἰέ
497 2576 584 2662 ἷέἕ
612 2556 1623 2689 123ἷὲἵέιοἱωῖιᾶἷὲἱξονέἕέἷιῖῗῖυέπὲἷῗὲ
1625 2559 1745 2670 '3³82‘
1748 2556 1913 2670 ‘fii‘sssz

223 2683 306 2720 τοῦ
339 2676 494 2726 πόλεις
518 2675 791 2733 Ελληνίδας
822 2673 904 2719 ὑπ’
939 2671 1195 2747 Αθηναίων
1234 2673 1526 2725 ἀναστάτους
1557 2674 1792 2731 γενέσθαι.
1833 2674 1910 2718 καὶ

226 2734 385 2780 σκόπει
417 2744 514 2785 πῶς
547 2736 594 2793 ἔχ
599 2751 638 2779 ει
668 2742 815 2779 ταῦτα
847 2730 961 2788 παρ’
998 2730 1180 2791 ἐκείνῳε
1215 2733 1283 2790 [ἐκ
1313 2740 1395 2776 τοῦ
1429 2732 1681 2791 λιβανίουε]
1710 2737 1715 2787 l
1743 2732 1795 2778 δὲ
1821 2733 1866 2775 Β
1902 2732 1907 2790 Ι

224 2797 332 2850 post
356 2795 443 2848 πρὸ
469 2807 542 2838 ras
571 2801 651 2838 1-
657 2799 681 2836 2
700 2794 779 2837 litt
800 2796 886 2839 Ma
1009 2799 1062 2834 1
1038 2796 1062 2818 ³
1089 2792 1258 2841 αὐτοὺς
1282 2791 1400 2847 ἡμᾶς
1422 2792 1586 2848 Doxap
1709 2795 1762 2834 13
1791 2805 1911 2847 „·ma

226 2855 304 2898 lim
335 2853 391 2896 τὰ
426 2854 747 2910 λυμῃναμενα“
786 2853 851 2897 Re
975 2855 1028 2894 14
1060 2857 1205 2893 ταῦτα
1239 2850 1401 2907 Doxap
1445 2854 1450 2906 Ι
1495 2852 1670 2906 ὁρῶμεν
1702 2850 1864 2906 Doxap
1900 2849 1905 2907 Ι

225 2910 284 2954 ἂν
318 2912 440 2955 inser
469 2912 576 2955 Μα3
638 2926 711 2955 om
737 2912 841 2956 BCI
870 2911 1032 2965 Doxap
