2010 3168
560 127 1026 172 ATHENIENSIUM
1057 125 1357 170 DEFENSIO
1731 127 1799 178 57

116 264 251 318 ὅσον
289 265 441 318 οὔπω
481 265 547 317 τὰ
586 266 781 333 ἔσχατα
819 266 1110 316 πείσεσθαι
1157 263 1258 315 οὐκ
1305 263 1474 330 οὔσης
1521 261 1804 330 δυνάμεως

115 353 407 424 ἀνταρκεῖν
461 350 581 406 οὐδ’
644 352 960 421 ἐπικουρίας
1014 353 1153 406 ὅθεν
1207 352 1408 420 δήποτε
1464 350 1599 404 οὐδέ
1652 370 1804 412 τινος

115 441 475 511 χρηστοτέρας
515 440 737 505 ἐλπίδος
774 445 832 495 τί
868 449 1117 506 ποιοῦσι;
1155 446 1431 508 τολμῶσιν
1472 438 1638 509 ἔργον
1670 439 1699 491 ὃ
1734 440 1800 507 δὴ

113 530 201 584 καὶ
241 533 362 584 τότε
401 539 834 601 σωφρονοῦντας
875 536 1064 600 ἴσχυσε
1104 539 1275 584 σῶσαι
1314 528 1405 582 καὶ
1444 531 1802 596 νεωτερίσαν-

111 639 206 681 τας
244 627 351 673 νῦν
390 619 665 673 ἀπολέσαν
711 623 833 690 ἔχει.
886 623 963 683 εἰς
1009 621 1113 688 γὰρ
1153 620 1249 682 τὰς
1284 617 1520 686 Ἀθήνας
1558 618 1800 685 ἥκοντες,

110 711 204 762 καί
240 728 302 777 γε
339 708 531 778 μηδεὶς
570 709 816 763 ἐνταῦθα
861 713 1203 779 Κορινθίους
1249 708 1548 776 ἀληθεύειν
1594 706 1799 760 οἰέσθω

111 798 559 866 διατεινομένους
613 800 686 862 ὡς
739 797 823 869 ἄρ’
886 798 1040 868 ἡμεῖς
1093 795 1231 867 ἦμεν
1286 797 1460 868 ἀπάτῃ
1523 800 1800 864 μετιόντες

110 886 336 956 αὐτούς,
390 889 516 941 οὔτε
571 888 699 958 γάρ,
754 888 828 955 μὰ
882 890 1013 950 τοὺς
1061 888 1256 954 θεούς,
1311 887 1623 947 ἀπατῶντες
1662 883 1790 938 Ὄῦτ’

109 977 286 1039 ἄλλως
322 981 613 1040 πείθοντες
655 978 1048 1046 ἡβουλήθημεν
1085 978 1222 1047 πρὸς
1260 975 1401 1045 ἡμᾶς
1438 975 1798 1042 μεταθέσθαι,

108 1064 223 1118 ἀλλ’
273 1068 351 1128 εἰς
385 1064 623 1135 Ἀθήνας
662 1065 921 1129 ἐλθόντες
958 1067 1194 1135 μηδενὸς
1237 1064 1424 1134 ἑτέρου
1471 1067 1798 1133 κινήσαντος

108 1154 188 1207 ὅτι
214 1156 287 1224 μὴ
313 1154 469 1208 αὐτοὶ
500 1154 728 1224 ἑαυτοὺς
759 1154 850 1208 καὶ
883 1157 1257 1225 παρελθόντες
1289 1156 1366 1216 εἰς
1398 1157 1798 1222 βουλευτήριον

107 1242 434 1314 ἐνεχείριζον
474 1253 618 1313 σφᾶς
657 1245 872 1307 αὐτούς.
916 1245 998 1297 11.
1040 1246 1254 1313 δεήσεις
1294 1240 1354 1296 δὲ
1388 1245 1797 1313 παραλείπομεν

106 1332 288 1400 λέγειν
327 1333 392 1387 ὂν
430 1335 779 1387 παντάπασιν
817 1331 920 1397 ἔξω
959 1341 1157 1403 καιροῦ
1189 1331 1278 1385 καὶ
1310 1333 1684 1401 παρακλήσεις
1707 1332 1796 1384 καὶ

107 1422 310 1485 ἱκεσίας
349 1423 479 1485 ὅσας
520 1424 586 1492 δὴ
629 1422 921 1476 ἐποιοῦντο
971 1423 1085 1493 ἰδίᾳ
1130 1422 1232 1491 μὲν
1278 1422 1414 1491 πρὸς
1460 1424 1590 1483 τοὺς
1629 1421 1795 1473 δυνα-

104 1513 379 1574 τωτάτους
424 1512 602 1580 ἡμῶν,
651 1513 885 1583 δημοσίᾳ
932 1509 992 1564 δὲ
1038 1513 1175 1580 πρὸς
1220 1514 1350 1574 τοὺς
1387 1511 1619 1573 πάντας,
1662 1508 1790 1563 ὥστ’

105 1600 307 1663 αὐτοὺς
346 1599 607 1670 ἐθελῆσαι
642 1604 989 1670 προσίεσθαι.
1030 1598 1147 1654 ἀλλ’
1188 1600 1478 1670 ἐπειδήπερ
1510 1601 1663 1669 ἡμεῖς
1694 1602 1794 1668 τὴν

102 1690 328 1758 πρώτην
365 1690 468 1743 οὐκ
506 1690 829 1760 ἐδεχόμεθα,
876 1691 977 1759 οὐχ
1016 1690 1369 1759 ὑπεχώρουν,
1422 1688 1692 1742 ἐνέκειντο
1735 1690 1793 1742 δὲ

102 1780 247 1830 πολὺ
286 1782 498 1847 μᾶλλον
537 1780 806 1847 δεόμενοι,
845 1778 936 1832 καὶ
978 1780 1049 1841 ὡς
1090 1777 1210 1832 οὐδ’
1258 1778 1434 1840 οὕτως
1472 1778 1628 1847 ἡμῶν
1663 1775 1792 1831 οὐδὲ

17 1864 51 1907 .'
103 1859 180 1929 εἷς
230 1877 484 1936 προσεῖχε
535 1870 730 1937 σφίσιν
778 1865 910 1921 οὐδὲ
956 1867 1272 1934 κατένευεν,
1320 1865 1399 1921 ἔτι
1438 1866 1794 1936 θερμοτέρων

102 1954 451 2024 ἀνθήπτοντο
484 1960 680 2026 λόγων.
718 1956 809 2010 καὶ
845 1959 1116 2011 τελευτών
1157 1958 1238 2010 ‘sl
1285 1958 1365 2026 μὴ
1416 1956 1626 2024 ὑμεῖς,
1665 1954 1792 2024 ἔφα-

102 2059 229 2111 σαν,
286 2045 584 2115 δέχεσθε,
639 2043 770 2100 ἀλλ’
831 2046 1015 2114 ἡμεῖς
1076 2066 1144 2113 γε
1206 2048 1359 2108 τοὺς
1419 2045 1793 2113 βαρβάρους

101 2133 254 2202 ἡμῖν
295 2134 741 2204 ἐπιστήσομεν.
783 2146 1082 2188 σκοπεῖτε
1116 2131 1233 2188 οὖν
1265 2135 1587 2204 ὁπότερον
1617 2135 1790 2202 αἶρε-

99 2223 402 2292 τώτερον,
456 2223 488 2291 ἢ
543 2224 722 2291 ὑμῶν
774 2224 940 2293 ἡμᾶς
1001 2221 1172 2277 εἶναι
1233 2222 1338 2276 καὶ
1400 2225 1792 2276 κατακούειν

85 2307 401 2379 ’Έλληνας
432 2311 757 2382 Ἑλλήνων
787 2312 819 2382 ἢ
853 2312 944 2381 ἐφ’
985 2313 1172 2382 ὕβρει
1213 2321 1399 2382 κοινῇ
1435 2320 1548 2367 τοῦ
1575 2311 1789 2379 Ἑλλη-

100 2409 288 2453 νικοῦ
356 2400 589 2469 γένους
651 2405 1081 2471 βαρβαρικοῖς
1134 2402 1539 2455 ὑποκύπτειν
1592 2415 1789 2471 προσ·

99 2489 422 2556 τάγμασι’.
495 2491 578 2543 12.
633 2489 782 2543 ταῦτ’
844 2488 1037 2558 ἔλεγον
1098 2489 1188 2544 καὶ
1252 2491 1405 2559 ἡμεῖς
1470 2491 1788 2557 ἐνεδίδομεν

220 2609 273 2649 ιο
305 2583 451 2651 Τιωοζ
473 2606 493 2648 1
518 2611 573 2650 58

218 2711 242 2750 3
284 2708 419 2765 ἔργον
457 2708 631 2753 inserui
663 2722 688 2752 e
714 2709 810 2754 LV
874 2723 948 2753 om
989 2709 1125 2753 Schm
1249 2715 1272 2753 7
1305 2710 1535 2767 μετιόντες
1567 2710 1730 2766 scripsi
1762 2722 1787 2753 e

101 2765 193 2808 LV
250 2766 491 2823 μετιόντας
523 2768 661 2812 Schm
805 2773 831 2811 8
862 2768 1006 2820 θεοὺς
1037 2768 1084 2811 in
1117 2769 1192 2812 lac
1223 2774 1250 2813 4
1282 2770 1361 2813 litt
1391 2771 1516 2816 inser
1543 2771 1587 2815 L
1616 2769 1729 2813 rubr

100 2823 262 2880 λόγους
280 2826 320 2867 V
341 2826 397 2870 cf.
425 2828 485 2870 ad
509 2843 553 2884 p.
582 2832 652 2881 60,
672 2832 695 2871 1
820 2832 874 2870 12
900 2827 1098 2878 ἑαυτούς
1120 2829 1162 2871 V
1278 2834 1331 2872 17
1362 2831 1462 2888 οὐχ]
1497 2827 1600 2875 οὐδ’
1632 2830 1674 2873 V

102 2885 155 2924 19
175 2882 431 2950 ,κατένευεν
454 2886 618 2942 scripsi
643 2901 667 2930 e
684 2887 782 2931 LV
837 2885 1109 2930 κατένευσεν
1128 2887 1266 2930 Schm
1388 2894 1444 2932 25
1467 2887 1784 2943 προστάγμασι

101 2942 264 2997 scnpsi
296 2956 321 2986 e
346 2945 440 2987 LV
496 2945 734 3002 πράγμασι
767 2945 904 2989 Schm

1826 1085 1867 1116 10

1821 1530 1862 1562 15

1817 1974 1860 2007 20

1813 2420 1857 2454 25
