2010 3168
974 732 1115 785 XIX.

205 873 444 935 inscripta
490 869 656 919 Μετὰ
702 868 767 919 τὰ
813 868 874 919 ἐν
916 870 1253 939 Χαιρωνείᾳ
1305 871 1602 931 Φίλιππος
1646 869 1896 941 ἕξῄτησε

204 938 674 1012 Δημοσθένην.1>
731 941 756 993 ὅ
812 944 999 1008 δῆμος
1055 940 1233 1013 ’ᾔτησε
1294 943 1466 994 πέντε
1528 941 1749 1013 ἡμέρας
1808 946 1894 1006 εἰς

207 1017 433 1082 σκέψιν.
466 1017 526 1068 ἕν
550 1018 793 1077 ταύταις
819 1015 843 1066 ὅ
868 1017 1269 1082 Δημοσθένης
1292 1017 1706 1083 ἀποθνήσκειν
1737 1018 1902 1080 ἀξιοῖ
2003 1053 2006 1055 Δ

204 1094 368 1143 minus
401 1110 553 1156 quam
584 1094 763 1151 altera,
796 1093 915 1155 quin
947 1093 1097 1141 etiam
1129 1094 1287 1142 multo
1326 1094 1491 1142 minus
1523 1111 1672 1156 quam
1704 1095 1892 1158 plerae-

208 1184 302 1230 que
331 1169 555 1231 reliquae
585 1167 966 1216 declamationes
997 1167 1215 1231 gratiam
1245 1169 1553 1229 posteritatis
1585 1169 1711 1217 iniit.
1762 1169 1895 1218 Nam

206 1242 395 1291 duobus
427 1245 623 1290 tantum
655 1241 904 1290 codicibus
937 1241 1000 1289 ad
1031 1244 1251 1290 nostram
1290 1245 1504 1291 aetatem
1542 1245 1768 1304 pervenit
1806 1243 1894 1306 qui

206 1319 343 1365 sunt:

321 1394 366 1438 1.
415 1389 727 1438 Parisinus
773 1406 845 1454 gr.
887 1390 1028 1438 2998
1079 1383 1173 1456 (=
1198 1382 1260 1456 P)
1309 1405 1432 1438 saec.
1464 1390 1582 1437 XIV
1628 1391 1712 1439 fol.
1747 1392 1894 1439 299¹&

206 1464 334 1512 Vide
366 1480 516 1525 supra
546 1481 593 1525 p.
621 1465 723 1512 112
744 1479 815 1526 sq.
881 1463 1093 1512 Contuli.

320 1541 367 1586 2.
399 1538 632 1586 Athous
662 1537 854 1585 Laurae
879 1538 1062 1586 52-123
1090 1531 1185 1603 (=
1202 1531 1331 1605 Ath)
1356 1553 1480 1586 saec.
1496 1537 1614 1585 XIV
1642 1538 1726 1586 fol.
1749 1538 1893 1587 148*.

206 1612 334 1659 Vide
363 1614 399 1659 t.
427 1611 452 1660 I
481 1629 529 1674 p.
557 1613 660 1660 323
680 1626 751 1674 sq.
813 1611 971 1679 Anno«
994 1612 1133 1659 1886
1177 1611 1472 1660 declamatio
1507 1611 1647 1674 Spyr.
1680 1611 1895 1661 Lambro

209 1688 406 1735 auctore
440 1702 470 1734 a
506 1686 774 1734 Parthenio
812 1684 1254 1747 Pappaiannopulo
1301 1703 1466 1733 meum
1509 1687 1563 1733 in
1608 1701 1753 1734 usum
1793 1687 1893 1735 col-

205 1761 312 1808 lata
344 1762 431 1808 est.

318 1834 399 1881 Ad
423 1833 630 1882 eundem
653 1834 842 1881 fontem
864 1833 999 1882 haud
1020 1849 1132 1881 raro
1156 1833 1259 1881 iam
1283 1833 1394 1882 labe
1412 1834 1641 1882 affectum
1663 1834 1893 1896 redeunt3

207 1908 294 1956 ubi
323 1908 453 1955 inter
483 1923 534 1956 se
566 1907 870 1969 discrepant,
907 1907 1053 1955 modo
1091 1908 1172 1955 hic
1211 1907 1356 1956 modo
1394 1908 1480 1956 ille
1518 1907 1779 1956 lectionem
1811 1923 1893 1971 ge·
1940 1966 1958 1981 ⁴

207 1983 410 2030 nuinam
444 1982 672 2029 servavit.

319 2055 468 2117 Apud
497 2056 845 2118 grammaticos
876 2055 957 2104 vel
986 2055 1341 2118 florilegiorum
1381 2058 1606 2104 auctores
1636 2056 1803 2104 nullus
1836 2072 1893 2104 ex

207 2130 300 2177 hac
331 2129 689 2178 declamatione
721 2129 904 2177 libatus
935 2129 1071 2177 locus
1103 2131 1277 2177 exstat.

319 2203 380 2251 In
409 2204 569 2251 lucem
606 2204 860 2265 protracta
900 2205 975 2251 est
1005 2219 1035 2251 a
1063 2203 1193 2251 Fed.
1227 2203 1478 2252 Morello
1517 2202 1623 2250 Lib.
1657 2218 1767 2265 opp.
1800 2206 1834 2251 t.
1867 2203 1892 2250 I

207 2294 254 2339 p.
281 2270 685 2341 397—410(=
701 2269 850 2343 Mor),
876 2276 960 2338 qui
983 2292 1082 2324 non
1113 2276 1277 2325 codice
1301 2277 1349 2325 P
1365 2278 1474 2339 ipso
1499 2277 1583 2324 sed
1607 2277 1892 2340 apographo

209 2352 315 2398 eius
345 2366 461 2398 usus
494 2366 597 2398 esse
629 2344 894 2416 videtur.²)

322 2423 470 2471 Cuius
501 2426 664 2472 textus
695 2425 856 2472 forma
888 2439 999 2472 cum
1023 2424 1249 2473 omnibus
1273 2425 1411 2472 vitiis
1435 2440 1496 2471 ne
1518 2424 1891 2486 typographicis

211 2498 408 2559 quidem
441 2499 654 2558 exceptis
683 2499 896 2560 repetita
936 2501 1011 2546 est
1049 2498 1264 2546 editione
1298 2514 1447 2559 quam
1476 2497 1723 2545 Reiskia
1751 2500 1788 2545 t.
1820 2497 1892 2544 IV

330 2685 372 2738 1)
402 2681 531 2726 Idem
560 2683 887 2738 argumentum
918 2681 1134 2725 similiter
1163 2682 1259 2726 iam
1302 2683 1410 2725 ante
1442 2681 1689 2725 Libanium
1718 2684 1890 2726 tracta-

208 2743 310 2785 tum
342 2754 441 2784 esse
470 2742 671 2784 testatur
700 2741 898 2797 Apsines
922 2743 1008 2784 art.
1032 2740 1150 2785 rhet.
1175 2741 1232 2784 de
1262 2739 1498 2797 prooemio
1531 2754 1567 2784 e.
1595 2746 1621 2784 2
1645 2740 1798 2797 (Rhet.
1822 2756 1889 2798 gr.

209 2799 332 2843 t.1X
362 2804 464 2855 471,
482 2804 536 2843 16
576 2800 624 2844 et
661 2803 761 2854 475,
782 2805 834 2842 12
882 2800 953 2844 ed.
986 2799 1120 2843 Walz
1160 2822 1215 2836 =
1247 2802 1281 2844 t.
1305 2800 1327 2842 1
1364 2815 1409 2856 p.
1436 2804 1535 2853 221,
1554 2804 1609 2843 26
1650 2801 1700 2843 et
1737 2804 1888 2855 226‚9

210 2859 280 2902 ed.
314 2858 791 2916 Spengel-Hammer;
827 2874 873 2915 p.
900 2863 940 2913 ὅ,
958 2862 1013 2902 20
1046 2860 1093 2903 et
1127 2863 1239 2913 10,3
1272 2859 1344 2903 ed.
1375 2858 1535 2915 Bake).

329 2920 372 2974 2)
404 2916 469 2961 cf.
503 2931 642 2974 supra
671 2933 717 2974 p.
746 2922 842 2962 191.
