2010 3168
123 117 406 162 PARASITI
435 117 518 162 DE
548 117 789 163 DOMINO
819 116 1326 163 PHILOSOPHANTE
1360 117 1643 172 QUERELA
1705 118 1811 172 607

119 253 292 323 ἡμέρα
350 254 544 322 πάλιν,
603 252 694 307 καὶ
747 253 781 322 ἡ
836 255 1110 322 συνήθεια
1169 262 1280 307 τῶν
1342 264 1525 307 κακῶν
1586 253 1813 324 ἐκράτει.

121 342 208 397 25.
248 342 353 411 ἐγὼ
394 341 468 410 δ’,
506 341 608 405 ἕως
637 344 703 395 τὰ
735 344 969 406 λείψανα
1005 338 1077 411 ἦν
1114 350 1209 412 τῆς
1250 344 1417 396 πάλαι
1448 351 1812 413 παρασκευῆς,

122 431 505 501 ἐνεφορούμην
536 432 690 484 οὔπω
720 432 782 484 τὸ
814 429 930 484 κατ’
968 430 1140 484 αὐτὸν
1175 432 1597 501 αἰσθανόμενος,
1636 433 1813 485 πολλὰ

119 522 224 590 γὰρ
270 517 438 573 ἔνδον
483 515 577 587 ἦν,
625 520 699 583 ὡς
737 518 790 573 δ’
831 519 1185 589 ὑπανήλωτο,
1238 520 1286 588 ἡ
1319 523 1474 589 χρεία
1523 523 1812 590 γνωρίζειν

121 609 292 663 ἐποίει
338 628 404 677 με
448 617 550 662 τοῦ
596 611 877 679 τροφίμου
921 609 1024 677 τὴν
1071 610 1382 678 συμφοράν.
1430 611 1487 662 τί
1527 608 1813 662 πέπονθεν
1859 631 1881 663 5

120 698 148 751 6
188 699 503 766 ἄνθρωπος,
558 697 851 751 ἐσκόπουν·
885 696 974 750 καὶ
1030 700 1335 766 συμβαλεῖν
1389 698 1491 751 οὐκ
1545 692 1697 767 εἶχον
1749 699 1810 751 τὸ

120 787 320 839 δεινόν.
381 788 550 854 μανία
610 788 714 856 γὰρ
768 787 830 839 τὸ
885 794 1108 857 πρᾶγμα
1161 783 1244 854 ἦν.
1312 787 1402 839 καὶ
1456 787 1567 856 μὴν
1620 789 1700 840 ἔτι
1751 785 1813 855 γ’

120 875 439 946 ἐσωφρόνει.
495 875 632 928 ἀλλὰ
666 879 673 938 Ι
707 877 921 944 νόσημα
969 876 1031 928 τὸ
1083 877 1440 944 συμβεβηκός.
1501 874 1631 929 ἀλλ’
1676 880 1799 924 RIV
1815 885 1903 925 225

117 965 394 1031 ὑγιαίνειν
441 963 620 1017 ἐδόκει
665 964 756 1017 καὶ
808 966 1070 1035 κλινήρης
1124 965 1226 1018 οὐκ
1263 961 1349 1033 ἦν.
1402 966 1632 1035 ἠρώτων
1680 968 1812 1028 τοὺς

117 1053 553 1122 ἐντυγχάνοντας
606 1053 732 1123 περὶ
785 1053 959 1107 αὐτοῦ
1012 1061 1138 1106 ποῦ
1191 1061 1307 1122 γῆς
1369 1052 1528 1119 ἐστι;
1590 1057 1655 1107 τί
1703 1054 1811 1108 πέ-
1836 1076 1881 1108 ιο

117 1147 349 1206 πονθε;
396 1143 459 1194 τί
502 1142 811 1211 βούλεται
850 1142 880 1195 6
919 1142 1064 1210 βίος
1109 1142 1304 1214 αὐτῷς
1358 1143 1445 1195 26.
1484 1144 1718 1213 πονηροὶ
1758 1144 1810 1196 οἱ

116 1235 365 1284 πλεῖστοι
387 1231 479 1284 καὶ
510 1228 695 1293 οὐδεὶς
725 1229 796 1284 ἂν
827 1234 1240 1300 συναχθεσθείη
1273 1237 1348 1304 τῷ
1379 1234 1614 1300 παρόντι
1643 1239 1812 1304 κακῷ,

118 1319 233 1374 ἀλλ’
281 1319 310 1373 6
350 1322 568 1389 φθόνος
606 1316 709 1389 μὲν
747 1318 835 1373 ἐπὶ
874 1329 990 1382 τοῖς
1028 1315 1091 1372 εὖ
1140 1320 1506 1389 πράττουσιν,
1544 1319 1712 1390 Ῐέλεον
1751 1319 1811 1373 δ’

118 1408 303 1472 οὐδεὶς
341 1405 495 1462 οἶδεν
534 1407 623 1462 ἐπὶ
660 1418 777 1471 τοῖς
816 1408 1130 1478 ἀτυχοῦσιν.
1170 1409 1275 1461 οὐκ
1313 1407 1527 1462 ε’κεῖνόν
1571 1429 1656 1472 τις
1693 1408 1810 1462 ε’πέ-

118 1506 352 1567 στρεψεν
414 1496 502 1550 ἐπὶ
564 1499 624 1550 τὸ
687 1496 907 1566 βέλτιον
961 1495 1080 1550 οὐδ’
1141 1496 1386 1566 ἀπήγαγε
1447 1505 1543 1566 τῆς
1604 1497 1811 1567 ἀπάτης
1835 1521 1880 1552 15

118 1583 249 1639 οὐδὲ
301 1588 439 1656 πρὸς
491 1584 584 1656 ἐμὲ
641 1587 1016 1656 φιλάνθρωποί
1069 1606 1195 1639 τινα
1250 1581 1366 1639 εἷπε
1419 1591 1810 1657 πολυπραγμο-

116 1683 324 1728 νοῦντα
364 1676 504 1729 ἰδὼν
539 1676 607 1728 τὰ
644 1675 760 1728 κατ’
805 1674 1039 1744 ἐκεῖνον,
1079 1674 1194 1729 ἀλλ’
1245 1675 1273 1729 6
1313 1675 1416 1742 μὲν
1454 1684 1634 1746 σιωπῇ
1673 1694 1810 1746 παρ-

115 1768 316 1833 ῆλθεν,
363 1764 392 1818 6
434 1763 484 1817 δ’
531 1763 776 1832 ἐγέλασε,
821 1768 1035 1831 μᾶλλον
1081 1761 1143 1817 δὲ
1189 1763 1513 1832 κατεγέλασε
1552 1773 1648 1834 τῆς
1687 1763 1802 1818 κατ’

118 1852 210 1921 ἐμὲ
247 1853 432 1921 τύχης,
471 1853 500 1907 6
542 1851 594 1906 δ’
638 1853 754 1906 οὐκ
793 1852 1058 1923 οῑμώξῃ;
1106 1855 1286 1922 φήσας
1331 1853 1437 1906 καὶ
1483 1856 1548 1905 τί
1584 1856 1710 1922 σοι’,
1748 1855 1813 1906 τί

237 1959 289 1997 11
326 1954 481 1998 Biant.
514 1954 626 1998 dict.
658 1954 789 2000 Diels
821 1955 892 1998 Fr.
926 1953 1145 1998 Vorsokr.
1176 1954 1219 1997 Π
1243 1959 1344 2009 522,
1362 1959 1401 2007 6,
1423 1961 1460 1998 1.
1507 1955 1680 1999 Auson.
1712 1954 1808 1999 lud.

115 2014 232 2069 sept.
265 2027 363 2070 sap.
389 2019 459 2057 62.
493 2013 714 2069 Gcrhard‚
746 2013 946 2057 Phoinix
976 2028 1015 2057 v.
1048 2013 1151 2057 Kol.
1182 2029 1228 2070 p.
1255 2018 1340 2057 273

236 2107 261 2145 2
304 2101 389 2153 ἕως
418 2102 586 2158 scripsi
617 2103 807 2146 aucssorc
838 2102 908 2147 Re
983 2102 1044 2153 ὡς
1081 2102 1191 2146 libri
1223 2102 1315 2146 edd
1460 2106 1485 2146 3
1525 2099 1628 2146 κατ’
1665 2102 1810 2147 αὐτὸν

117 2160 282 2218 scripsi
299 2161 402 2205 coll.
416 2161 445 2205 1.
461 2167 487 2205 5
502 2163 550 2205 ct
565 2165 618 2205 17
680 2158 797 2205 καθ’
819 2161 988 2206 ἑαυτὸν
1005 2161 1167 2219 (αὑτὸν
1178 2162 1269 2218 La)
1286 2161 1397 2205 libri
1414 2162 1505 2206 edd
1612 2166 1639 2204 4
1656 2162 1708 2206 δὲ
1720 2163 1809 2206 Ma

124 2221 129 2277 Ι
164 2219 438 2275 ὑπανήλωτο
462 2221 540 2266 La
570 2220 651 2264 sed
683 2238 713 2264 α
746 2234 887 2278 supra
909 2237 939 2278 η
962 2236 994 2279 y
1053 2220 1329 2265 ὑπαναλωτο
1357 2222 1444 2265 Μα
1566 2226 1591 2264 6
1628 2220 1652 2265 6
1678 2235 1752 2264 om
1772 2222 1816 2266 V

116 2281 285 2324 LaMa
390 2284 414 2322 7
431 2295 482 2337 γε
491 2280 568 2324 La
664 2284 690 2323 8
707 2282 935 2336 punctum
946 2279 1009 2339 (2)
1026 2280 1162 2336 posui
1224 2280 1409 2336 signum
1426 2280 1807 2338 interrogationis

116 2338 227 2382 libri
243 2339 335 2382 edd
457 2343 511 2382 10
534 2346 627 2383 ποῦ
652 2339 818 2396 scripsi
877 2346 963 2383 ποῖ
982 2339 1093 2383 libri
1110 2339 1199 2383 edd
1260 2345 1326 2395 πῆ
1344 2352 1368 2383 e
1385 2339 1476 2382 Par
1492 2343 1605 2382 3017
1623 2339 1808 2383 Boisso-

116 2398 238 2442 nade
261 2397 482 2453 Pachym.
507 2413 552 2454 p.
578 2402 634 2441 98
657 2400 753 2442 not.
779 2404 804 2442 2
930 2403 984 2442 13
1016 2398 1131 2442 ἀλλὰ
1154 2399 1324 2443 LaMa
1350 2402 1356 2454 Ι
1385 2398 1409 2442 6
1436 2412 1510 2442 om
1526 2399 1600 2443 La
1629 2400 1636 2455 Ι
1662 2397 1807 2453 πράτ-

118 2470 278 2501 τουσιν
303 2458 392 2501 Ma
424 2457 506 2501 sed
537 2474 564 2502 ν
597 2457 691 2501 add
722 2457 792 2501 m²
930 2462 985 2500 14
1014 2455 1085 2508 τίς
1108 2458 1237 2502 HLa
1284 2459 1293 2515 Ι
1342 2456 1591 2513 ἐπέτρεψεν
1615 2459 1674 2502 H
1698 2457 1811 2501 Ferr

117 2515 219 2559 Mor
362 2520 417 2559 15
457 2515 699 2573 ἀπήγαγεν
723 2517 799 2561 La
943 2521 998 2560 16
1038 2515 1367 2584 φιλάνθρωπα.
1395 2516 1561 2572 scripsi
1593 2530 1617 2560 e
1644 2517 1733 2561 Ma

119 2572 460 2630 φιλάνθρωπόν
474 2576 531 2619 Η
536 2576 688 2621 VOLa
704 2575 796 2620 edd
822 2578 830 2632 Ι
855 2592 963 2620 τινα
980 2589 1056 2620 om
1069 2576 1147 2620 La
1205 2592 1249 2619 τι
1265 2575 1370 2620 coni
1386 2576 1453 2619 Re
1585 2581 1636 2619 17
1661 2576 1713 2620 τὸ
1731 2575 1808 2620 La

120 2635 210 2678 Ma
234 2633 339 2690 cf.p
345 2638 474 2689 .‚603
485 2639 508 2677 7
632 2639 688 2678 18
714 2651 738 2678 ο
755 2636 814 2679 H
868 2633 892 2680 ὃ
910 2636 987 2679 La
1014 2638 1020 2692 Ι
1047 2633 1099 2680 δὲ
1119 2636 1247 2680 ΟΜα
1262 2635 1354 2679 cdd
1382 2637 1388 2691 Ι
1416 2637 1586 2691 μᾶλλον
1603 2634 1656 2679 δὲ
1675 2651 1808 2679 κατε-

117 2692 278 2748 γέλασε
303 2706 379 2736 om
396 2692 473 2737 La
593 2698 646 2738 19
673 2709 695 2737 ο
714 2694 771 2738 Η
827 2691 851 2738 ὃ
867 2694 945 2739 La
972 2696 978 2750 Ι
1006 2694 1200 2752 οἰμώξῃ;
1233 2694 1396 2749 scripsi
1423 2707 1447 2737 e
1464 2694 1553 2737 Par
1570 2698 1682 2737 3017
1701 2707 1806 2737 cum

117 2751 422 2796 Boissonadio
447 2751 625 2796 Choric.
650 2767 696 2809 p.
724 2757 777 2796 19
801 2755 898 2796 not.
919 2758 942 2796 1
1006 2754 1187 2808 οἰμώζει
1211 2755 1268 2797 H
1273 2754 1424 2798 VGLa
1448 2753 1539 2796 edd
1601 2753 1809 2809 οἰμώζεις

118 2812 207 2855 Ma
230 2811 312 2855 sed
329 2826 395 2860 εις
411 2810 486 2854 dcl
510 2813 557 2854 et
572 2828 600 2866 η
619 2825 835 2868 suprascr
851 2811 922 2855 111²
982 2812 1192 2867 οἰμώζεις
1217 2812 1322 2856 coni
1338 2812 1406 2855 Rc
1424 2814 1472 2856 et
1487 2811 1687 2856 Cobetus
1705 2811 1807 2856 0011

118 2873 204 2913 285
232 2872 238 2924 Ι
267 2867 355 2923 σοι’,
370 2867 415 2913 τί
440 2867 485 2914 δ’
507 2870 609 2926 ἐμοὶ
633 2870 800 2927 scripsi
858 2869 904 2915 τί
926 2870 981 2915 δέ
1003 2887 1080 2927 μοι
1105 2872 1186 2915 καὶ
1208 2869 1253 2915 τί
1275 2887 1354 2927 μοι
1371 2871 1601 2916 HVOMa
1659 2869 1705 2915 τί
1727 2887 1806 2927 μοι

118 2929 314 2972 LaFerr
325 2928 427 2971 Mor
486 2946 530 2972 τι
519 2927 599 2972 ’δέ
615 2945 693 2985 μοι
709 2942 735 2973 e
750 2929 841 2973 Par
850 2933 964 2973 3017
983 2930 1267 2974 Boissonade
1327 2947 1372 2973 τι
1364 2928 1456 2973 Re
1517 2927 1562 2973 τί
1579 2945 1651 2974 σοι
1660 2930 1808 2975 Cobet
