2010 3168
920 762 1114 817 XXIV.

285 886 594 935 Declamatio
647 887 887 949 inscripta
933 886 1137 951 Νόμος
1190 885 1251 936 ἐν
1296 887 1709 951 Λακεδαίμονι
1763 886 1863 937 τὸν

175 959 307 1009 εἴσω
340 960 659 1026 τριάκοντα
690 959 832 1010 ἐτῶν
857 959 930 1025 μὴ
965 961 1343 1027 δημηγορεῖν.
1381 963 1636 1027 Θηβαῖοι
1667 961 1771 1026 τὴν
1804 961 1863 1011 ἐν

175 1033 503 1099 Λεύκτροις
548 1034 738 1100 μάχην
777 1034 1130 1099 νικήσαντες
1168 1033 1443 1101 πρέσβεις
1489 1035 1632 1102 πρὸς
1670 1039 1862 1085 Λακε-

177 1108 531 1172 δαιμονίους
563 1108 908 1173 πεπόμφασι
939 1108 1197 1173 πόλεμον
1237 1107 1645 1173 ἀπειλοῦντες,
1683 1107 1756 1174 ἢν
1788 1109 1862 1174 μὴ

175 1181 466 1246 Μεσήνην
506 1181 738 1246 ἀφῶσιν
770 1182 1122 1248 αὐτόνομον.
1162 1183 1452 1250 λεγόντων
1491 1182 1743 1247 ἀφεῖναί
1779 1203 1862 1232 τι-

174 1275 291 1305 νων
326 1251 671 1322 Ἀρχίδαμος
717 1256 849 1316 νέος
896 1254 973 1307 ὢν
1019 1257 1101 1307 ἔτι
1146 1262 1433 1324 παραινεῖ
1463 1257 1562 1307 τὸν
1607 1257 1863 1323 πόλεμον

176 1328 477 1389 δέξασθαι.
509 1329 760 1382 πέπεικε.
794 1330 979 1397 τροπὴ
1019 1329 1224 1398 γέγονε
1263 1339 1376 1381 τῶν
1416 1332 1724 1397 δυσμενῶν
1765 1330 1865 1381 καὶ

175 1404 469 1470 γράφεταί
496 1424 582 1465 τις
619 1404 981 1473 παρανόμων
1007 1401 1374 1472 Ἀρχίδαμον.
1411 1410 1734 1471 μελετῶμεν
1766 1405 1865 1455 τὸν

172 1473 523 1545 Ἀρχίδαμον
564 1497 661 1542 qua
701 1480 1028 1530 Archidamus
1067 1483 1325 1530 accusatus
1365 1481 1496 1543 quod
1535 1482 1692 1544 legem
1739 1497 1863 1543 quae

176 1554 385 1617 triginta
447 1555 589 1603 annis
650 1556 890 1604 minorem
944 1555 1219 1603 contionari
1272 1555 1475 1604 vetabat
1528 1556 1751 1604 oratione
1806 1555 1864 1603 de

175 1628 395 1676 Messene
440 1630 698 1678 retinenda
743 1629 916 1678 habita
962 1629 1186 1678 laesisset
1223 1645 1273 1677 se
1312 1629 1533 1677 defendit
1544 1623 1602 1696 1),
1642 1631 1735 1678 etsi
1765 1645 1864 1677 non

177 1702 273 1749 fuit
304 1703 433 1750 inter
464 1705 846 1765 acceptissimas,
877 1695 1046 1752 tamen
1078 1704 1392 1765 aliquatenus
1433 1705 1647 1767 gratiam
1679 1703 1863 1751 studio-

177 1791 341 1824 sorum
373 1777 685 1839 eloquentiae
717 1771 1069 1844 Libanianae2)
1100 1777 1229 1826 iniit.
1284 1778 1461 1840 Itaque
1492 1794 1582 1826 nec
1607 1772 1862 1840 ‘corporis'

176 1850 354 1899 finibus
387 1852 599 1900 coercita
627 1851 833 1914 mansit,
873 1852 956 1901 sed
996 1852 1147 1900 etiam
1186 1852 1238 1899 in
1271 1847 1503 1914 ‘eclogas'
1536 1852 1746 1901 intravit
1776 1867 1865 1899 nec

177 1940 407 1972 numerus
438 1925 664 1974 codicum
704 1926 881 1988 quibus
920 1925 983 1974 ad
1022 1926 1149 1975 hanc
1180 1928 1395 1974 aetatem
1427 1926 1652 1988 pervenit
1682 1940 1864 1988 parvus

178 2001 266 2046 est.
331 1999 457 2046 Sunt
488 2002 655 2047 autem
690 2001 741 2047 hi
775 2002 867 2048 27:

289 2073 495 2120 Initium
526 2074 654 2122 facio
688 2090 717 2122 a
749 2069 1140 2136 ‘corporalibus'.

294 2149 337 2193 1.
355 2147 945 2210 Hierosolymitanus
969 2147 1297 2200 bibliothecae
1313 2148 1660 2210 patriarchalis
1687 2147 1863 2195 Sanc-

299 2304 340 2359 1)
372 2302 711 2359 Argumentum
739 2303 898 2347 fictum
922 2307 1006 2348 est.
1055 2305 1228 2347 Ansam
1253 2303 1384 2348 dedit
1409 2303 1558 2347 oratio
1589 2302 1863 2346 Isocratis

180 2363 311 2406 sexta
343 2375 435 2416 qua
467 2362 774 2406 Archidamus
807 2363 1199 2407 Lacedaemonios
1236 2363 1506 2406 cohortatur
1544 2377 1600 2406 ne
1632 2362 1863 2405 Thebanis

179 2421 419 2465 Messenen
446 2421 622 2464 dimitti
645 2422 995 2477 postulantibus
1021 2422 1350 2477 obsequantur,
1377 2421 1451 2465 cui
1475 2421 1698 2465 Libanius
1724 2420 1864 2464 etiam

180 2480 228 2522 in
261 2479 455 2537 singulis
487 2480 711 2524 nonnulla
742 2481 895 2536 debet,
927 2481 1019 2524 nisi
1051 2483 1255 2524 statuere
1293 2480 1439 2524 mavis
1479 2494 1585 2525 eum
1623 2480 1673 2523 id
1714 2480 1864 2535 egisse

181 2541 233 2582 ut
262 2539 343 2583 τὸν
375 2539 706 2596 Μεσσηνιακὸν
738 2539 1178 2594 Alcidamantis‚
1220 2555 1310 2596 quo
1343 2540 1650 2584 Archidamus
1683 2542 1864 2582 contra-

180 2598 300 2640 rium
333 2597 714 2643 Lacedaemoniis
747 2602 958 2642 suaserat
982 2598 1196 2654 (Mueller
1220 2612 1282 2642 or.
1310 2599 1406 2642 Att.
1431 2599 1472 2641 ΙΙ
1498 2602 1600 2648 316)
1623 2597 1862 2642 refutaret.

181 2657 318 2714 Legis
350 2657 478 2700 illius
510 2671 602 2713 qua
635 2656 914 2702 declamatio
946 2657 1114 2702 nititur
1137 2657 1312 2702 mentio
1339 2658 1390 2701 fit
1413 2657 1539 2714 apud
1563 2657 1864 2700 Plutarchum

181 2716 289 2772 Lyc.
320 2720 389 2760 25.

301 2777 343 2830 2)
378 2774 621 2831 Singulare
654 2775 861 2819 studium
892 2775 940 2818 in
972 2775 1343 2831 breviloquentia
1376 2775 1605 2831 Spartana
1635 2775 1866 2827 imitanda

182 2834 398 2889 cernitur,
416 2834 540 2877 unde
557 2835 696 2877 etiam
717 2834 1046 2890 asyndetorum
1065 2848 1194 2877 amor
1210 2834 1483 2890 explicatur,
1501 2848 1619 2889 quae
1636 2834 1689 2877 A.
1709 2833 1865 2877 Gasda

181 2892 354 2935 iniuria
385 2893 609 2936 removeri
641 2893 801 2937 voluit.
