2010 3168
235 121 341 173 478
671 120 899 166 LIBANII
929 119 1317 166 DECLAMATIO
1349 120 1477 166 XXV

235 260 342 318 λῶς
379 253 526 326 ἔχειν
564 258 713 311 ἄκων
761 258 1063 327 ὁμολογεῖς.
1122 258 1204 310 17.
1246 256 1317 310 δι’
1365 253 1444 311 ὧν
1491 258 1595 328 γὰρ
1644 259 1779 327 ἔφης
1825 257 1926 312 οὐκ

236 345 479 399 αὐτόθεν
523 346 830 414 βούλεσθαι
878 347 1060 400 Λαίδα
1114 351 1460 415 μετακαλεῖν,
1514 345 1635 400 ἀλλ’
1686 347 1780 399 ἵνα
1832 348 1928 410 τὰς

237 433 297 487 ἐν
335 441 399 504 τῇ
439 436 596 488 πόλει
637 447 955 506 σωφρονεῖν
999 437 1525 507 παρασκευάσωμεν,
1573 433 1779 500 ἔδειξας
1826 437 1926 489 οὐκ

237 523 303 576 ὃν
366 524 701 594 αὐθαίρετον
764 528 938 578 οἰκεῖν
1001 525 1061 578 ἐν
1122 528 1391 596 Κορίνθῳ
1454 525 1650 578 Λαίδα.
1713 525 1762 578 εἰ
1822 526 1924 596 γὰρ

191 610 453 679 σάγαθὸν
498 610 718 683 ἔκρινας
764 614 897 667 αὐτὸ
945 615 1016 683 μὴ
1072 616 1282 684 χείρονι
1328 614 1697 684 παραβάλλων
1746 612 1926 686 ἑτέρῳ,
2002 646 2006 650 <

236 700 337 752 οὐκ
384 699 454 753 ἂν
500 702 601 770 τὴν
648 705 831 755 αἰτίαν
879 702 1264 772 προσέγραφες
1309 703 1812 773 παραμυθούμενος
1865 705 1926 757 τὸ

234 790 594 860 πλημμέλημα
639 799 714 864 τῷ
757 793 1019 845 δοκοῦντι
1068 791 1385 863 συμφέρειν.
1435 789 1551 845 ἀλλ’
1598 794 1649 845 εί
1691 795 1927 860 νομίζεις

236 879 516 931 δύνασθαι
549 890 863 949 σωφρονεῖν
894 882 987 944 τὰς
1018 882 1124 950 ἤδη
1157 880 1513 950 νενικημένας
1544 889 1660 944 ταῖς
1682 881 1926 950 ἡδοναῖς,

236 960 322 1030 αἷς
361 967 674 1039 ἐπικουρεῖν
712 978 776 1040 τῇ
817 978 912 1039 τῆς
952 972 1158 1033 Λαίδος
1198 972 1423 1043 καθόδῳ
1471 972 1781 1037 νενόμικας,
1820 972 1932 1023 εἰσί

169 1078 211 1111 ιο
233 1074 343 1109 που
388 1057 605 1120 πάντως
653 1057 829 1129 ἕτεροι
883 1061 1077 1129 τρόποι
1132 1056 1203 1112 δι’
1259 1056 1338 1112 ὧν
1391 1061 1651 1127 πείσομεν
1703 1059 1927 1129 ἠρεμεῖν

233 1144 324 1198 καὶ
364 1147 435 1215 μὴ
475 1148 613 1217 πρὸς
652 1148 860 1216 ἡδονὰς
900 1148 1138 1212 ἀτόπους
1179 1147 1526 1220 ἐκφέρεσθαι.
1592 1149 1675 1202 18.
1715 1149 1780 1201 οὐ
1821 1149 1924 1219 γὰρ

235 1235 423 1297 αὐταῖς
462 1234 542 1288 ἐπ’
591 1236 841 1300 ἐξουσίας
880 1239 1022 1306 δρᾶν
1061 1238 1090 1291 ὅ
1133 1258 1182 1291 τι
1228 1236 1319 1291 καὶ
1366 1239 1665 1306 βούλονται
1716 1251 1926 1307 συγχω-

235 1325 498 1393 ρήσομεν,
561 1325 699 1379 ἀλλὰ
760 1335 984 1395 πρῶτον
1043 1324 1143 1394 μὲν
1212 1329 1360 1399 νόμῳ
1430 1328 1926 1395 παιδαγωγήσομεν

146 1417 266 1461 RIV
281 1422 366 1461 438
418 1411 422 1485 1
467 1414 651 1468 αὐτῶν
688 1416 790 1484 τὴν
828 1417 1171 1486 προαίρεσιν,
1212 1417 1284 1479 ὡς
1323 1416 1393 1469 ἂν
1427 1417 1527 1485 τὴν
1567 1416 1671 1469 ἀπὸ
1703 1423 1802 1469 τοῦ
1834 1417 1926 1469 νό-

168 1525 209 1556 15
233 1523 340 1569 μου
366 1504 558 1571 ζημίαν
582 1504 953 1574 ἀναδυόμεναι
987 1515 1302 1575 σωφρονεῖν
1335 1505 1758 1574 ἀναγκάζωνται,
1788 1500 1926 1557 ἔπει-

233 1611 298 1645 τα
357 1593 424 1644 τὰ
477 1594 682 1663 χρηστὰ
734 1601 1136 1664 παραινοῦντες
1191 1596 1378 1662 λόγοις
1437 1592 1733 1647 ἐπιεικέσιν
1795 1593 1925 1646 ἀνα-

233 1683 541 1750 κτήσασθαι
579 1685 972 1753 πειρασόμεθα
996 1684 1092 1746 τὰς
1124 1683 1191 1736 οὐ
1230 1691 1295 1754 τῇ
1337 1692 1487 1754 φυγῇ
1522 1683 1746 1750 Λαίδος,
1787 1685 1924 1754 ζήλῳ

235 1767 296 1823 δὲ
334 1774 562 1839 μᾶλλον,
603 1772 675 1834 ὡς
715 1773 888 1841 φαίην
928 1771 997 1825 ἂν
1036 1769 1226 1840 ἔγωγε,
1274 1771 1701 1841 διεφθαρμένας.
1754 1770 1837 1824 19.
1877 1772 1924 1824 εἰ

236 1856 296 1911 δὲ
361 1861 498 1929 πρὸς
560 1859 859 1914 ἀκολασίαν
922 1860 1092 1930 ὁρῶσι
1160 1859 1249 1914 καὶ
1313 1863 1440 1924 τοὺς
1503 1860 1796 1930 ἡμετέρους
1858 1860 1923 1912 οὐ

168 1971 210 2003 20
233 1952 552 2018 προσιένται
593 1950 809 2019 λόγους,
850 1951 1078 2017 ἄμεινον
1119 1952 1288 2019 ἔγωγε
1323 1953 1494 2019 κρίνω
1526 1951 1726 2012 ταύτας
1755 1950 1923 2002 Λαίδι

233 2047 344 2089 τῶν
384 2038 568 2091 αὐτῶν
607 2037 800 2101 ἀξιοῦν
839 2038 869 2107 ἢ
913 2040 1095 2092 Λαίδα
1134 2046 1208 2112 τῷ
1240 2045 1388 2111 κακῷ
1441 2041 1640 2092 δοῦναι
1677 2039 1924 2108 προσθη-

233 2146 348 2194 κην.
404 2125 501 2180 ἐαν
554 2128 658 2196 γὰρ
723 2129 918 2181 ἴδωσιν
975 2127 1195 2197 ἐκείνην
1249 2149 1312 2198 τῃ
1368 2129 1593 2181 καθόδω
1655 2128 1924 2195 τοσαύτης

235 2213 568 2309 ἀξιωθεῖσαν
606 2223 780 2284 τιμῆς,
821 2214 907 2269 ε’πὶ
948 2225 1043 2285 τῆς
1084 2217 1250 2285 αὐτῆς
1289 2224 1518 2285 μενοῦσι
1556 2214 1924 2286 προαιρέσεως

259 2307 407 2375 —15
440 2331 558 2375 Plat.
592 2331 780 2376 Theaet.
814 2347 859 2388 p.
888 2331 1024 2376 1450

353 2439 378 2477 3
410 2441 464 2493 τῇ
498 2434 622 2478 inser
647 2434 759 2478 71Ῑαῖ
879 2440 904 2478 4
938 2433 997 2479 ἂν
1032 2437 1089 2479 Vi
1114 2437 1120 2492 Ι
1149 2433 1433 2490 ἀνθαίρετον
1466 2435 1569 2479 coni
1603 2433 1757 2478 Gasda
1789 2434 1838 2477 ab
1865 2433 1921 2477 of.

235 2509 278 2550 p.
306 2498 405 2548 388,
424 2499 448 2537 9
572 2498 595 2536 7
629 2493 896 2551 πλημέλημα
923 2496 1072 2539 ΜΜα
1100 2496 1106 2551 Ι
1134 2492 1335 2550 νομίζειν
1363 2496 1432 2540 Va
1456 2495 1537 2538 sed
1561 2495 1659 2551 v(2)
1684 2493 1733 2537 in
1757 2506 1783 2536 σ
1808 2506 1922 2548 corr,

245 2613 300 2656 Vi
443 2616 468 2655 8
510 2611 570 2669 μὴ
610 2613 719 2656 ante
759 2612 998 2657 δύνασθαι
1036 2612 1160 2655 inser
1186 2612 1266 2657 Μ’
1314 2613 1322 2670 Ι
1371 2551 1671 2685 vgmunzffigg
1693 2612 1782 2654 Ma

236 2677 261 2714 9
295 2670 483 2728 μεθόὸω
509 2672 553 2714 Β
587 2671 667 2714 sed
700 2688 758 2714 κα
784 2686 923 2728 supra
947 2687 1014 2727 με,
1049 2672 1339 2717 VaViMaCl
1459 2675 1512 2714 12
1547 2686 1615 2714 οτι
1641 2670 1923 2715 VaViMaOz

356 2734 410 2772 14
442 2727 566 2773 ‹bo-&v
590 2730 646 2773 Η
654 2731 813 2774 VaMa
937 2735 989 2774 15
1023 2730 1376 2788 ἀναγκάζωνται
1403 2729 1588 2786 reposui
1613 2742 1637 2773 e
1660 2728 1792 2772 libris
1818 2743 1922 2772 cum

236 2788 538 2832 Boissonadio
570 2789 742 2833 Anecd.
767 2789 827 2831 IV
856 2794 940 2832 335
1017 2789 1359 2847 ἀναγκάζονται
1391 2789 1482 2833 edd
1622 2792 1675 2831 19
1717 2787 1799 2844 μὲν
1831 2786 1922 2832 ἑτέ-

237 2863 346 2901 ρους
376 2848 487 2891 Fen·
518 2850 565 2891 et
588 2865 642 2904 γρ
667 2848 715 2891 111
739 2861 872 2904 marg
898 2848 998 2892 Mor
1067 2848 1415 2922 εὐμενεστέρους
1447 2847 1551 2892 coni
1575 2847 1642 2890 Re
1711 2844 1921 2903 μετρίους

235 2907 395 2950 Iacobs
412 2907 517 2963 App
537 2906 648 2951 Pors
667 2911 750 2950 327
874 2911 929 2951 20
961 2907 1131 2957 ταύτας
1153 2905 1295 2963 κρίνω
1313 2908 1439 2952 BVa
1560 2911 1614 2949 22
1648 2905 1730 2950 ἐὰν
1756 2905 1920 2961 scripsi

237 2979 341 3008 cum
375 2964 530 3009 Gasda
591 2966 632 3010 εἰ
661 2965 770 3009 libri
803 2966 892 3009 edd
1015 2971 1069 3009 23
1101 2966 1299 3023 μενούση
1335 2967 1392 3010 Va·
