2010 3168
436 104 864 174 DEMOSTHENJS
895 107 1243 152 DEDITIONJS
1274 108 1513 153 PETITIO
1551 89 1558 94 ’
1725 109 1829 162 321

135 244 457 311 πρεσβείαν,
505 241 534 294 ὃ
582 243 770 310 μηδεὶς
817 245 886 296 ἄν
939 243 1056 297 ποτ’
1111 245 1332 312 ἤλπισε,
1386 255 1499 298 τῶν
1552 248 1831 299 Φιλίππου

133 331 420 400 πρέσβεων
456 332 605 399 παρὰ
648 334 914 399 Θηβαίοις
961 331 1229 401 ἐκράτησα
1277 332 1455 400 λέγων
1503 332 1510 405 Ι
1559 333 1650 387 καὶ
1696 339 1817 383 RIV
1835 344 1920 384 268

134 421 242 487 πρὸ
282 426 381 472 τοῦ
419 420 596 473 πολλὰ
627 419 1024 490 κεχαρισμένου
1061 423 1343 474 Φιλίππου
1374 424 1506 484 τοὺς
1538 423 1639 475 οὐκ
1672 423 1832 490 ὀλίγα

137 510 504 576 λελυπηκότας
541 508 684 575 ὑμᾶς
723 507 948 562 ἑλέσθαι
986 510 1089 577 τὴν
1124 511 1384 578 Θηβαίων
1421 507 1611 563 ἔπεισα
1650 513 1829 565 πόλιν.

135 596 184 650 5.
237 597 328 649 καὶ
383 597 484 650 οὐκ
538 596 608 650 ἂν
663 597 902 664 ἐμαυτὸν
956 597 1294 667 ἐμεμψάμην.
1356 600 1405 652 εἰ
1458 600 1564 669 γὰρ
1618 598 1710 653 καὶ
1764 601 1830 653 τὰ
1876 622 1896 655 5

132 686 365 755 μάλιστα
403 687 464 739 τὸ
504 696 665 755 μῖσος
705 686 921 740 ἐκεῖθεν
958 686 1175 756 ηὐξήθη
1215 686 1281 740 τὸ
1315 689 1455 757 πρὸς
1486 685 1579 757 ἐμὲ
1619 696 1692 761 τῷ
1721 695 1829 742 νῦν

128 774 306 845 τούτῳ
347 794 413 843 με
452 774 775 848 βουλομένῳ
816 779 1024 844 λαβεῖν,
1071 773 1187 830 ἀλλ’
1234 776 1655 846 ἐστεφανούμην
1693 777 1821 848 παρ’

130 863 287 931 ὑμῖν,
326 860 368 917 ὦ
409 865 608 934 ἄνδρες
634 862 940 934 Ἀθηναῖοι,
978 876 1094 928 τοῖς
1126 863 1186 918 δὲ
1218 867 1417 937 φθόνῳ
1450 865 1827 935 γραψαμένοις

125 953 494 1021 αἰσχύνεσθαι
547 963 746 1023 περιῆν
792 953 1138 1023 ἡττωμένοις.
1191 951 1273 1007 ἔτι
1327 956 1523 1007 τοίνυν
1576 963 1672 1023 τῆς
1720 955 1823 1022 μὲν

124 1041 321 1110 ἀρετῆς
365 1042 525 1110 ὑμῶν
571 1045 632 1096 ἐν
679 1036 763 1106 οἷς
807 1043 1072 1106 πολλάκις
1128 1043 1458 1113 ἐκρατήσατε
1504 1053 1615 1097 τῶν
1663 1049 1824 1098 πολε-
1847 1067 1891 1100 10

125 1134 268 1200 μίων
314 1133 605 1200 φανείσης,
650 1140 749 1184 τοῦ
796 1131 989 1195 τέλους
1034 1133 1096 1186 δὲ
1143 1132 1210 1186 οὐ
1255 1134 1670 1202 προσλαβόντος
1704 1133 1824 1202 Υτὴν

119 1221 296 1289 τύχην
351 1221 444 1273 διὰ
498 1229 593 1290 τῆς
647 1219 777 1290 ἐμῆς
830 1229 1021 1290 φωνῆς
1075 1221 1410 1291 ἐκοσμήσατε
1459 1224 1592 1284 τοὺς
1646 1221 1707 1275 ἐν
1756 1230 1822 1293 τῇ

125 1310 266 1380 μάχῃ
325 1313 503 1372 καλῶς
564 1309 975 1378 ἀποθανόντας,
1037 1309 1219 1380 ᾔδειτε
1280 1312 1385 1378 γὰρ
1449 1307 1541 1377 ἐμὲ
1594 1316 1823 1364 πλεῖστα

123 1395 260 1467 ὑπὲρ
326 1397 554 1451 ἐκείνων
616 1398 929 1468 εὐξάμενον.
1000 1399 1049 1452 6.
1098 1398 1403 1468 γενομένου
1464 1400 1660 1452 τοίνυν
1719 1406 1820 1452 τοῦ

114 1490 304 1557 ’.τάφου
343 1486 434 1540 καὶ
474 1495 575 1543 τοῦ
606 1489 965 1558 περιδείπνου
1006 1485 1132 1557 παρ’
1179 1487 1323 1556 ἐμοί,
1363 1487 1453 1541 καὶ
1493 1489 1597 1557 γὰρ
1637 1486 1885 1561 τούτῳζιῡ

119 1582 405 1648 τετίμημαι
458 1580 606 1648 παρὰ
651 1572 762 1631 τῶν
808 1587 924 1640 τοῖς
973 1586 1241 1631 πεσοῦσιν
1287 1579 1532 1646 οἰκείων,
1588 1575 1676 1629 ἐπὶ
1722 1578 1818 1640 τὰς

118 1666 259 1738 ὑπὲρ
318 1679 430 1721 τῶν
484 1669 846 1737 αἰχμαλώτων
900 1666 1074 1729 εὐθὺς
1137 1665 1450 1736 ἐτραπόμην
1512 1666 1817 1735 φροντίδας

118 1759 358 1824 νομίζων
400 1758 492 1810 καὶ
529 1759 763 1820 τούτους
809 1756 977 1809 οὐδὲν
1023 1751 1190 1824 ἧττον
1238 1755 1489 1823 ἀγαθοὺς
1527 1755 1618 1808 καὶ
1658 1754 1816 1808 οὐδε-

118 1855 217 1918 μιᾷ
252 1848 414 1919 κακία
451 1847 658 1915 ταύτην
694 1846 989 1914 ὑπομεῖναι
1028 1846 1131 1913 τὴν
1160 1845 1351 1913 τύχην,
1384 1842 1505 1897 ἀλλ’
1546 1840 1689 1897 εἶναι
1720 1852 1816 1913 τῆς

118 1936 376 2005 ἀνδρείας
430 1923 614 1989 αὐτῶν
668 1935 734 1988 οὐ
789 1935 988 2005 μικρὸν
1040 1932 1131 1987 καὶ
1192 1940 1357 1986 τοῦτο
1413 1933 1697 2000 σύμβολον
1750 1933 1811 1986 τὸ
1837 1954 1880 1987 8⁰

237 2058 261 2098 1
294 2053 424 2096 Dem.
452 2066 541 2097 cor.
574 2056 600 2106 ξ
626 2056 710 2095 211
730 2065 798 2107 sq.
942 2054 966 2094 7
1007 2050 1137 2094 Dem.
1171 2063 1263 2094 cor.
1296 2054 1321 2103 ξ
1347 2053 1432 2092 222
1580 2053 1634 2092 12
1678 2048 1809 2092 Dcm.

116 2126 209 2157 cor.
241 2117 267 2166 ξ
291 2116 377 2157 285
501 2115 555 2155 15
588 2110 645 2155 cf.
678 2126 723 2167 p.
749 2115 821 2165 44,
839 2114 879 2154 5.
910 2109 1044 2154 Dem.
1076 2122 1168 2153 cor.
1199 2124 1244 2165 p.
1271 2113 1355 2152 321
1375 2112 1431 2152 25

237 2221 260 2259 1
292 2233 404 2260 ποτε
424 2216 475 2259 H
482 2215 632 2259 ViMa
752 2220 779 2258 4
810 2214 931 2271 ἡμᾶς
956 2215 1014 2259 Vi
1134 2217 1159 2256 5
1191 2211 1447 2269 ταμάλιστα
1466 2213 1512 2256 Ρ
1532 2213 1539 2257 Ι
1565 2210 1624 2254 τὰ
1645 2212 1703 2255 Vi
1726 2211 1809 2255 scd

115 2275 200 2332 τὴν
229 2276 279 2320 in
309 2289 443 2332 marg
473 2273 543 2318 m²
679 2278 705 2317 6
737 2272 950 2331 ηὐξήνθη
986 2273 1031 2317 V
1055 2274 1102 2316 eb
1132 2272 1182 2315 in
1213 2285 1349 2329 marg
1387 2271 1469 2316 Vi'
1605 2274 1629 2313 7
1659 2270 1807 2315 τούτω

117 2337 205 2380 Μα
237 2335 319 2379 sed
351 2352 385 2379 ω
418 2335 467 2378 in
499 2346 574 2376 ras
605 2332 676 2376 m’
733 2339 871 2378 τοῦτο
899 2333 950 2378 ΟΖ
984 2334 989 2389 Ι
1025 2347 1079 2389 με
1110 2331 1161 2375 in
1190 2345 1266 2374 ras
1300 2331 1361 2375 V*
1387 2333 1393 2386 Ι
1429 2327 1692 2390 βουλομένῳ
1719 2331 1807 2374 Μα

114 2395 198 2438 sed.
230 2396 323 2450 ο(2)
347 2394 397 2437 in
427 2408 502 2437 ras
525 2391 596 2435 m²
716 2396 771 2436 10
803 2392 912 2448 ὑμῖν
939 2393 996 2436 Vi
1027 2391 1108 2435 sed
1139 2391 1269 2447 ὑμῶν
1299 2390 1350 2434 in
1379 2403 1515 2446 marg
1537 2389 1607 2432 m'
1634 2391 1641 2443 Ι
1676 2388 1726 2433 ἐν
1758 2388 1807 2431 in

114 2467 247 2510 marg
265 2453 343 2498 Vi²
465 2457 517 2496 11
542 2451 861 2536 προλαβόντος
878 2452 934 2495 Vi
993 2449 1333 2508 προσλαβόντες
1348 2450 1451 2493 Μοι·
1572 2453 1625 2491 12
1645 2453 1807 2504 φωνῆς

114 2514 208 2556 ·Μα
238 2513 320 2556 sed
351 2529 425 2568 φω
457 2512 507 2555 in
537 2523 613 2554 ras
643 2525 691 2554 m
836 2516 889 2554 15
920 2515 1001 2566 τῆς
1023 2510 1130 2565 περὶ
1154 2512 1346 2554 δεῖπνον
1381 2510 1438 2553 Vi
1468 2508 1550 2551 sed.
1573 2514 1655 2552 τοῦ
1678 2522 1804 2560 περι-

115 2569 308 2616 δείπνου
339 2571 390 2615 in
420 2585 556 2628 marg
585 2569 655 2614 m²
714 2576 806 2614 τῶν
836 2570 944 2624 περὶ
975 2571 1168 2613 δεῖπνον
1195 2569 1285 2612 Μα
1320 2568 1402 2612 sed
1425 2569 1525 2624 ν(3)
1557 2580 1613 2612 cx
1643 2583 1673 2610 v
1704 2579 1806 2609 corr

113 2629 185 2674 m²
243 2631 350 2685 περὶ
381 2629 575 2675 δείπνου
600 2629 657 2672 Η
689 2630 695 2685 Ι
736 2636 872 2674 τοῦτο
906 2628 1019 2674 ViOl
1141 2632 1194 2671 16
1225 2625 1468 2684 τετίμημαι
1499 2625 1664 2681 scripsi
1696 2638 1804 2667 auc-

113 2690 215 2733 tore
237 2689 420 2734 Cobeto
480 2686 746 2745 τετίμηνται
768 2689 875 2733 HV
903 2687 994 2732 edd
1054 2685 1289 2744 τετίμηται
1314 2685 1570 2732 PViMan
1619 2686 1624 2739 Ι
1674 2682 1803 2738 παρὰ

115 2774 170 2790 ,-
195 2746 379 2793 οἰκείων
410 2748 484 2793 vel
515 2747 682 2792 saltem
710 2754 808 2797 τοῖς
829 2754 1050 2791 πεσοῦσιν
1075 2746 1276 2790 delenda
1303 2746 1463 2790 censet
1487 2743 1641 2796 Gasda
1667 2745 1675 2799 Ι
1701 2741 1799 2800 τὰς]

113 2814 210 2859 τοῖς
237 2808 344 2851 'Mor
486 2812 538 2850 17
585 2804 850 2862 ἐτραπόμην
890 2806 1055 2862 scripsi
1132 2804 1388 2861 ἐτρεπόμην
1425 2803 1535 2847 libri
1570 2801 1661 2846 edd

116 2870 177 2909 18·
200 2866 381 2918 τούτοις
398 2867 451 2912 Gl
477 2869 483 2922 Ι
510 2865 621 2911 οὐδὲ
645 2871 727 2921 μιᾶ
744 2865 851 2910 ΗΟΖ
910 2862 1104 2922 οὐδεμία
1128 2865 1187 2909 Vi
1307 2868 1363 2908 20
1395 2859 1616 2917 ἀνδρείας
1638 2860 1802 2917 scripsi

113 2938 169 2968 cx
193 2926 244 2969 H
253 2925 505 2971 VViMaOl
564 2922 761 2979 ἀνδρίας
785 2925 831 2968 Ρ
858 2923 949 2967 edd

202 3007 396 3039 latemus
421 3007 730 3041 ed.Foerste1-.
755 3007 822 3038 VI.
1388 2999 1441 3038 21
