2010 3168
292 117 721 164 DEMOSTHENIS
751 118 1014 163 MORTEM
1043 118 1337 163 PETENTIS
1371 118 1595 164 ORATIO
1694 119 1801 172 287

112 256 424 326 Χαιρωνείᾳ
467 256 754 307 πεσόντων
800 254 904 307 οὐκ
948 251 1113 324 ἔσχον
1159 255 1233 317 ὡς
1279 253 1589 323 ἐβουλόμην
1630 272 1803 323 παρα-

110 346 488 413 μυθήσασθαι.
521 342 626 412 ἐγὼ
659 343 761 412 μὲν
792 343 913 414 γάρ,
937 340 979 396 ὦ
1011 341 1239 413 πατέρες
1267 344 1482 396 παίδων
1513 345 1806 411 γενναίων,

112 432 387 487 ἐσκόπουν
438 442 555 494 πῶς
608 430 680 485 ἂν
726 431 1056 501 ἐκπέμψαιμι
1106 441 1238 500 νῦν,
1291 442 1406 494 πῶς
1452 432 1522 485 ἂν
1569 432 1802 501 δείξαιμι

110 522 461 575 Μακεδόνων
499 523 724 584 πλειόυς
754 518 856 588 μὲν
886 521 1135 591 νεκρούς,
1173 524 1397 583 πλειόυς
1437 518 1498 574 δὲ
1533 524 1803 591 αἰχμαλώ-

110 631 264 678 τους,
316 610 517 663 κωλύει
572 610 634 662 δὲ
681 607 906 679 ἑσπέρα,
953 610 1027 672 ὡς
1073 609 1257 679 ὁρᾶτε,
1289 617 1476 662 ,ταῦτα
1521 609 1613 663 ὑπ’
1667 610 1802 678 ἐμοῦ
1850 632 1872 665 5

108 704 441 769 πραχθῆναι.
480 699 566 751 39.
606 697 723 751 ἀλλ’
770 698 926 768 ὑμεῖς
965 718 1027 766 γε
1061 696 1068 769 Ι
1102 698 1238 768 ὑμῖν
1271 699 1460 762 αὐτοῖς
1499 698 1614 752 ἀντ’
1668 705 1785 749 RIV
1806 710 1898 748 252

110 787 246 857 ἐμοῦ
284 788 532 857 γένεσθε.
571 787 663 841 καὶ
702 795 802 841 τοῦ
842 785 942 857 μὲν
971 786 1219 851 πένθους
1258 787 1444 857 ὕφετε,
1481 788 1709 856 πατέρες
1741 790 1803 843 δὲ

110 887 221 930 τῶν
275 878 491 930 παίδων
543 875 899 946 γεγενημένοι
953 884 1049 945 τῆς
1101 878 1334 945 πόλεως,
1384 875 1539 930 τουτὶ
1594 877 1802 946 δέομαι,

109 966 201 1019 καὶ
249 967 348 1020 τὸν
402 964 485 1019 ἐπ’
529 965 761 1028 ἐκείνοις
814 965 1207 1036 ῥηθησόμενον
1260 969 1431 1034 λόγον
1484 967 1802 1036 σεμνύνατε.

111 1063 471 1125 χειροτονεῖτε
518 1055 617 1108 τὸν
664 1054 900 1125 ἐροῦντα
946 1053 1004 1107 ἐκ
1049 1063 1162 1107 τῶν
1211 1054 1285 1117 ὡς
1335 1055 1559 1124 ἀληθῶς
1598 1060 1803 1109 λυπου-
1828 1078 1877 1110 ιο

111 1144 319 1213 μένων,
379 1143 517 1197 ἀλλὰ
578 1145 650 1213 μὴ
711 1153 823 1196 τῶν
884 1143 1393 1213 προσποιουμένων.
1457 1144 1681 1198 ἐπειδὰν
1743 1145 1804 1198 δὲ

111 1232 549 1302 ἀπολοφύρησθε
579 1236 713 1295 τοὺς
742 1233 993 1301 ἀγαθοὺς
1019 1231 1286 1302 ἐκείνους,
1312 1236 1513 1302 ζητεῖτε
1534 1237 1804 1304 τιμωρίαν

113 1317 193 1374 ὧν
260 1323 578 1375 πεπόνθατε
646 1324 850 1390 λόγους
911 1323 1229 1390 γενναίους,
1290 1325 1549 1392 ψήφισμα
1613 1325 1804 1390 καλόν,

110 1409 311 1480 πρᾶξιν
349 1410 646 1479 ὠφέλιμον.

215 1499 301 1552 40.
334 1498 587 1568 Ὑπερίδη
625 1498 718 1553 καὶ
758 1501 1080 1554 Πολύευκτε
1116 1501 1208 1553 καὶ
1239 1503 1593 1570 Μοιρόκλεις,
1631 1503 1803 1571 μηδὲν
1828 1522 1875 1555 15-

110 1588 252 1658 ὑμᾶς
289 1590 350 1642 τὸ
389 1599 613 1659 πρᾶγμα
657 1597 822 1642 τοῦτο
868 1589 929 1642 τὸ
968 1587 1082 1642 κατ’
1130 1586 1222 1657 ἐμὲ
1265 1592 1489 1643 ποιείτω
1535 1594 1801 1661 χείρονας.

113 1676 229 1730 ἀλλ’
276 1677 377 1741 ἕως
414 1674 517 1744 μὲν
554 1677 626 1731 ἂν
664 1677 772 1748 ἐξῇ,
810 1679 1174 1731 πολιτεύεσθε
1211 1679 1313 1747 τὴν
1351 1682 1636 1734 πολιτείαν
1675 1682 1802 1734 ταύ-

111 1786 213 1835 την
251 1766 354 1834 τὴν
392 1764 766 1835 ἐπικίνδυνον,
805 1768 942 1836 καλὴ
981 1767 1105 1837 γάρ,
1144 1769 1196 1820 εἰ
1231 1765 1322 1820 καὶ
1360 1769 1663 1832 κινδύνους
1694 1772 1802 1840 ἔχει

112 1855 400 1924 μεγάλους,
438 1855 509 1924 ἢν
540 1853 602 1909 δὲ
635 1861 916 1925 αἴσθησθε
945 1855 1202 1927 πρέσβεις
1233 1854 1319 1925 ἐφ’
1358 1857 1500 1925 ὑμᾶς
1530 1857 1588 1910 ἐκ
1622 1862 1801 1912 Μακε-

114 1944 304 2006 δονίας
350 1942 439 2013 ἐφ’
491 1943 704 2011 ὁμοίοις
749 1943 1066 2015 τρέχοντας,
1117 1944 1373 2014 φθάσατε
1425 1948 1555 2010 τοὺς
1601 1950 1803 2016 λόγους
1826 1967 1875 1999 20-

113 2033 296 2085 αὐτῶν
341 2039 417 2105 τῷ
462 2034 704 2106 θανάτῳ.
756 2032 846 2087 καὶ
885 2033 1057 2088 πλέον
1094 2037 1153 2087 τί
1192 2055 1302 2104 μου
1340 2043 1405 2105 τῇ
1452 2037 1605 2089 πόλει
1651 2038 1802 2107 χαρί-

235 2198 288 2237 12
331 2193 476 2238 Thuc.
502 2193 544 2237 11
576 2198 632 2236 46
786 2198 840 2238 15
885 2194 941 2238 cf.
981 2196 1015 2238 t.
1047 2194 1111 2238 IV
1143 2199 1251 2249 265,
1276 2195 1375 2239 4R.
1421 2195 1551 2239 Dem.
1592 2196 1709 2241 Phil.
1739 2197 1802 2240 111

113 2268 158 2309 p.
187 2257 286 2307 129,
305 2257 359 2297 18
402 2255 408 2310 Ι
450 2253 581 2298 Dem.
606 2253 712 2297 fals.
736 2252 826 2311 leg.
866 2268 912 2310 p.
939 2259 1047 2308 435,
1066 2259 1106 2297 6.
1153 2253 1274 2298 Plut.
1314 2253 1445 2299 Dem.
1472 2259 1548 2310 13,
1567 2260 1614 2310 ὃς
1662 2261 1741 2311 23,
1760 2261 1800 2300 3.

112 2313 214 2356 Arr.
246 2313 383 2357 anab.
408 2312 429 2355 Ι
462 2316 584 2367 10,4
617 2312 674 2356 cf.
706 2313 761 2357 A.
788 2313 1007 2358 Schaefer
1037 2313 1168 2358 Dem.
1192 2313 1257 2357 ΙΠ
1283 2313 1391 2357 137²

234 2465 257 2504 1
282 2458 512 2512 πεσόντας
533 2460 628 2504 Ath
748 2465 772 2504 ‘1
797 2459 1137 2518 παραμυθηταί
1158 2462 1266 2518 post
1288 2459 1483 2518 γένεσθε
1505 2461 1798 2506 inserendum

113 2519 186 2563 vel
216 2522 394 2578 χρῆσθε
424 2534 509 2576 pro
535 2518 735 2587 γένεσθε
766 2520 1062 2563 scribendum
1093 2519 1198 2564 coni
1220 2520 1383 2564 Jacobs
1407 2521 1520 2564 Lect
1545 2526 1629 2565 103
1653 2522 1750 2566 Rev
1773 2528 1801 2566 4

117 2578 123 2637 Ι
157 2577 352 2634 πατέρες
371 2578 548 2653 scripsi
609 2585 809 2652 σωτῆρες
838 2578 947 2622 libri
980 2579 1071 2622 edd
1200 2583 1228 2623 8
1259 2578 1584 2637 γεγεννημένοι
1614 2581 1682 2624 Re

23 2644 25 2649 '
114 2641 141 2680 9
179 2644 271 2681 τῶν
309 2635 383 2683 ἐπ’
422 2635 618 2688 ἐκείνοις
655 2634 990 2710 ἆηθησομένων
1027 2636 1176 2695 λόγων
1218 2639 1484 2695 ὑπομνῆσαι
1522 2642 1602 2696 (sc.
1641 2640 1798 2696 ὑμᾶς)·

115 2695 443 2751 ’ὑπομνήσεσθε
474 2694 548 2751 δέ,
592 2696 634 2741 εἰ
663 2696 737 2741 vel
767 2694 915 2754 λόγων
947 2697 1033 2742 οὐκ
1071 2698 1342 2754 ἀμνηστεῖν·
1375 2698 1461 2742 οὐκ
1493 2697 1801 2754 ἀμνηστήσετε

114 2753 182 2810 δέ,
213 2755 254 2799 εἰ
285 2755 390 2799 coni
420 2755 583 2800 Iacobs
614 2755 727 2799 Lect
760 2761 844 2799 103
894 2759 900 2811 Ι
950 2756 1204 2813 σεμνύνατε
1244 2757 1409 2814 scripsi
1484 2757 1725 2813 ὑμνήσειν’
1759 2758 1803 2802 εἰ

114 2813 224 2857 libri
256 2815 347 2858 edd
485 2820 539 2858 15
571 2814 835 2859 Πολύευκτε
866 2815 1054 2871 reposui
1086 2830 1110 2859 e
1141 2815 1274 2859 libris
1306 2830 1411 2859 cum
1444 2814 1601 2859 Gasda
1660 2817 1800 2861 πολύ-

115 2887 215 2917 εκτε
247 2873 336 2917 edd
364 2875 371 2930 Ι
397 2871 679 2929 Μοιρόκλεις
709 2874 875 2930 scripsi
899 2874 1035 2931 (Mus.
1061 2874 1207 2918 Rhen.
1231 2874 1402 2918 XXXII
1425 2878 1498 2930 90)
1560 2872 1804 2930 μυρόκλεις

24 2994 25 2998 ¹
113 2930 223 2975 libri
255 2932 347 2975 edd
468 2937 522 2977 17
554 2932 883 2978 πολιτεύεσθαι
908 2934 954 2977 Ρ
1070 2937 1125 2975 20
1163 2933 1239 2977 ἐπὶ
1270 2931 1448 2989 ὁμοίοις
1471 2933 1564 2978 Ath
