2010 3168
521 98 588 141 IN
590 98 853 143 VECTIVA
884 98 947 141 IN
981 98 1241 143 AESCHIN
1244 99 1331 142 EM
1660 100 1769 153 205

74 235 175 287 τὸν
214 235 315 303 μὲν
353 236 534 287 αἰτίαν
573 236 770 303 ἔχοντα
816 234 1174 288 ἀπεκτονέναι
1222 236 1500 288 δεικνύειν
1548 236 1621 299 ὡς
1668 235 1769 289 οὐκ

74 322 378 376 ἀπέκτονεν
423 321 456 390 ἢ
501 323 575 385 ὡς
628 324 876 391 δικαίως,
931 324 1031 376 τὸν
1085 324 1146 377 δὲ
1199 323 1632 394 προδεδωκέναι,
1687 326 1769 377 δί-

76 411 302 465 δάσκειν
348 411 422 474 ὡς
468 411 535 465 οὐ
581 410 920 481 προδέδωκε,
972 413 1072 465 τὸν
1119 410 1179 465 δὲ
1233 413 1487 481 πατάξαι,
1544 414 1616 476 ὡς
1668 414 1769 467 οὐκ

76 501 287 569 ἔπληξε,
326 501 424 553 τὸν
463 497 524 553 δὲ
564 500 778 570 κλέψαι,
822 501 895 563 ὡς
935 502 1000 554 οὐ
1040 500 1324 570 κέκλοφεν.
1388 501 1474 555 25.
1515 502 1660 556 οὕτω
1702 503 1768 571 δὴ

73 591 166 643 καὶ
220 590 344 658 περὶ
405 597 505 643 τοῦ
567 592 841 659 παρόντος
902 598 1010 643 νῦν
1069 592 1400 661 πράγματος.
1463 589 1768 661 ἐπέμφθης,
1817 612 1837 644 5

76 680 333 748 Αἰσχίνη,
372 681 700 747 πυλαγόρας.
742 676 911 749 ἦλθες
951 680 1029 742 εἰς
1065 680 1320 732 πυλαίαν.
1362 674 1516 749 εὗρες
1556 683 1770 749 εἰσαγό-

73 788 246 835 μενον
285 770 361 831 εῑς
399 770 466 821 τὰ
504 768 784 838 ἀπόρρητα
823 780 935 823 τῶν
967 767 1247 838 Ἑλλήνων
1279 770 1456 838 ἄνδρα
1487 770 1771 838 βάρβαρον

74 858 225 928 παρὰ
263 860 392 920 τοὺς
432 860 650 927 νόμους.
692 859 948 928 ε’σίγησας
987 863 1236 927 γλῶτταν
1275 856 1417 927 ἔχων
1458 856 1548 911 καὶ
1590 857 1771 926 λέγειν

77 946 448 1013 ἐπιστάμενος.
495 950 660 1001 τοῦτό
700 968 882 1017 φαμεν
927 948 1232 1016 ἠδικῆσθαι
1279 949 1380 1016 τὴν
1426 950 1603 1000 πόλιν.
1644 947 1771 999 οὐκ-

73 1043 182 1089 οῦν
219 1036 425 1103 ταύτην
463 1033 649 1105 ἔλεγχε
687 1037 788 1104 τὴν
827 1038 1022 1089 αἰτίαν.
1073 1037 1139 1088 τὰ
1179 1035 1240 1089 δὲ
1278 1038 1425 1104 τείχη
1467 1035 1558 1088 καὶ
1598 1039 1771 1104 χωρία
1796 1058 1838 1089 10

75 1124 166 1176 καὶ
228 1127 357 1186 τοὺς
418 1123 640 1193 λιμένας
694 1126 755 1178 ἔα
809 1133 931 1179 νῦν.
993 1124 1190 1194 ἁλίσκῃ
1243 1126 1348 1192 γὰρ
1406 1123 1494 1177 ἐπὶ
1548 1131 1614 1197 τᾷ
1670 1125 1771 1192 τὴν

78 1214 438 1283 ὑπάρχουσαν
461 1222 525 1284 τῇ
550 1216 707 1267 πόλει
733 1213 900 1278 δόξαν
924 1214 1031 1267 ἀπὸ
1056 1223 1150 1283 τῆς
1175 1221 1332 1282 σιγῆς
1349 1211 1769 1266 ἀπολωλεκέναι.

189 1303 274 1355 26.
331 1306 505 1356 Τοῦτο
554 1301 615 1355 δὲ
666 1304 802 1357 ὅσου
857 1314 972 1366 τοῖς
1010 1301 1331 1371 Ἀθηναίοις
1376 1300 1555 1369 ἄξιον,
1610 1305 1768 1370 γνοιή

74 1411 159 1454 τις
206 1393 299 1460 ἄν,
347 1393 395 1444 εἰ
442 1390 701 1455 σκέψαιτο
742 1393 880 1461 πρὸς
926 1392 1123 1460 αὑτόν,
1180 1392 1263 1445 ὅτι
1318 1391 1409 1443 καὶ
1462 1391 1560 1443 τὸν
1614 1400 1771 1443 σῖτον

74 1482 178 1549 τὴν
225 1480 399 1550 ἀρχὴν
444 1482 792 1550 διενείμαμεν
840 1480 930 1534 καὶ
976 1482 1072 1544 τὰς
1119 1481 1371 1543 ἀποικίας
1416 1481 1511 1542 τὰς
1565 1480 1771 1542 πολλὰς
1796 1502 1836 1534 15

77 1568 450 1639 ἐξεπέμψαμεν
488 1569 579 1623 καὶ
618 1573 851 1639 νεκροὺς
890 1569 1292 1639 ἀδικουμένους
1334 1570 1338 1638 Ι
1382 1567 1591 1632 ἐθάψα-
1637 1572 1858 1616 Rm407

76 1678 181 1727 μεν
219 1657 309 1710 καὶ
350 1660 762 1728 δυστυχοῦντας
802 1660 1138 1729 ἀνθρώπους
1176 1659 1480 1728 ἐδεξάμεθα
1517 1658 1608 1710 καὶ
1648 1660 1771 1709 Moz-

76 1753 296 1814 ραθῶνι
335 1748 435 1800 τὸν
472 1749 666 1802 κοινὸν
704 1758 814 1802 τῶν
846 1747 1125 1817 Ἑλλήνων
1172 1746 1443 1816 ἐλύσαμεν
1488 1747 1771 1812 κίνδυνον,

78 1837 180 1906 οὐχ
227 1835 299 1889 ἵν’
357 1836 488 1905 ἡμῖν
542 1835 628 1906 ἐφ’
692 1836 899 1910 ἑκάστω
946 1838 1160 1890 τούτων
1205 1837 1353 1905 παρὰ
1399 1844 1510 1889 τῶν
1558 1830 1618 1888 εὗ
1670 1851 1770 1887 πα-

77 1927 328 1995 σχόντων
367 1925 638 1995 ἀργύριον
698 1925 921 1995 γένηται
975 1928 1065 1979 καὶ
1104 1929 1465 1994 πλουτήσειεν
1511 1924 1542 1992 ἡ
1598 1926 1770 1991 πόλις,
1795 1944 1838 1976 20

200 2033 255 2071 14
287 2027 402 2084 cf.p
408 2031 505 2083 .28,
523 2032 598 2082 15;
625 2032 695 2082 38,
707 2033 747 2072 9.
779 2029 915 2072 Isocr.
941 2041 1108 2085 paneg.
1135 2032 1159 2081 ἓ
1185 2032 1241 2071 28
1260 2042 1326 2083 sq.
1359 2025 1553 2070 Aristid.
1577 2023 1770 2081 panath.

80 2087 159 2132 t.1
185 2043 427 2143 167‚16qu.
446 2087 485 2130 D
610 2091 664 2131 15
698 2087 755 2131 of.
789 2102 833 2143 p.
862 2091 961 2141 118,
980 2092 1019 2131 5.
1051 2087 1190 2131 Isocr.
1213 2087 1244 2129 1.
1261 2086 1291 2130 1.
1317 2090 1415 2138 §34
1433 2100 1498 2141 sq.
1624 2088 1678 2127 16
1712 2083 1770 2126 ef.

81 2163 124 2204 p.
152 2151 222 2201 99,
241 2151 265 2190 7
296 2149 301 2203 Ι
330 2146 387 2190 cf.
413 2146 474 2189 ad
502 2161 547 2203 p.
573 2150 645 2201 99,
663 2150 703 2190 8.
735 2147 872 2190 Isocr.
897 2147 927 2190 1.
951 2122 982 2191 '1.
1011 2151 1036 2200 ξ
1062 2151 1117 2190 58
1243 2150 1295 2189 17
1321 2146 1458 2189 Isocr.
1484 2144 1512 2186 1.
1539 2143 1568 2186 l.
1595 2147 1692 2196 §54
1704 2157 1770 2197 sq.

80 2206 271 2250 Axistid.
304 2206 335 2249 l.
359 2205 388 2249 1.
414 2221 459 2262 p.
488 2210 588 2259 175,
608 2210 662 2249 10
679 2220 746 2261 sq.

200 2301 225 2338 2
259 2294 509 2339 ἀπέκτενεν
533 2295 590 2338 Η
647 2293 884 2339 ἀπέκτονα
909 2294 997 2338 Ma
1060 2293 1330 2338 ἀπέκτεινεν
1361 2293 1428 2336 Re
1456 2294 1462 2348 Ι
1500 2292 1552 2336 τὸ
1585 2291 1651 2334 Re

82 2359 108 2399 3
139 2354 436 2411 προδέδωκεν
466 2354 534 2397 Re
655 2359 682 2397 4
718 2353 770 2398 δὲ
801 2369 876 2398 om
902 2354 991 2398 Ma
1018 2358 1024 2407 Ι
1051 2352 1247 2408 κέκλοφε
1272 2353 1318 2397 Ρ
1346 2351 1447 2395 Mor
1568 2355 1593 2393 6
1624 2352 1770 2394 πυλα-

81 2441 224 2500 γόρας
254 2438 399 2499 ἦλθεν
426 2443 478 2486 Η
618 2447 643 2485 8
677 2443 792 2500 ἔχων
826 2457 901 2487 om
925 2443 982 2486 H
1113 2447 1138 2485 9
1170 2429 1367 2486 τοῦτοΡ
1422 2439 1568 2498 τούτῳ
1594 2440 1652 2483 H

85 2507 137 2545 11
170 2499 345 2547 ἅλίσκει
364 2505 453 2547 Μα
479 2504 486 2558 Ι
515 2502 590 2547 ἐπὶ
613 2505 675 2562 τῷ
701 2503 866 2559 scripsi
890 2501 983 2546 coll
1005 2504 1037 2545 t.
1058 2501 1100 2544 V
1126 2505 1226 2555 392,
1246 2506 1291 2555 1;
1325 2503 1426 2553 402,
1447 2503 1499 2543 12
1562 2494 1655 2542 ἀπὸ
1687 2503 1770 2541 τοῦ

82 2562 323 2606 AthHMa
399 2562 448 2605 ἐκ
478 2568 561 2605 τοῦ
586 2563 632 2605 Ρ
648 2549 751 2605 edd.
889 2566 941 2604 12
982 2558 1113 2605 πόλει
1142 2559 1331 2616 reposui
1361 2572 1386 2602 e
1416 2534 1550 2601 'libris
1582 2558 1636 2600 ut
1667 2556 1771 2600 coni

83 2620 208 2677 Re(„
216 2626 298 2665 aut
328 2627 381 2678 τῇ
415 2619 547 2665 πόλει
572 2622 651 2678 leq.
680 2626 744 2665 est
767 2626 849 2665 aut
879 2627 934 2678 τῇ
958 2618 1085 2664 πόλει
1112 2634 1223 2664 ποτε
1230 2621 1270 2675 “)
1332 2633 1445 2662 ποτε
1477 2615 1568 2660 edd
1601 2615 1683 2659 sed
1715 2632 1770 2671 γρ

84 2678 235 2734 ςήπου
251 2679 301 2722 in
318 2693 450 2736 marg
465 2679 567 2723 Mor
594 2682 600 2736 Ι
629 2679 679 2724 ἐκ
696 2681 871 2727 HMai
867 2685 981 2735 ιτῆς
1001 2679 1188 2737 σιγης],,
1195 2679 1373 2723 videtwr
1389 2681 1470 2732 σῆς
1483 2676 1772 2730 interponen-

82 2739 218 2782 dum“
246 2739 313 2782 Re
436 2743 489 2782 13
524 2736 632 2782 ὅσον
652 2740 740 2783 Μα
862 2743 917 2781 14
947 2736 1017 2789 τίς
1042 2739 1184 2782 ΗΜα
1211 2739 1218 2793 Ι
1246 2735 1390 2781 αὐτὸν
1416 2736 1504 2779 H
1589 2738 1642 2777 18
1676 2731 1771 2776 κίν-

85 2799 229 2841 δυνον
252 2798 426 2842 inserui
450 2812 474 2842 e
500 2800 546 2842 P
565 2798 702 2854 (sed
688 2813 737 2840 m
761 2802 925 2854 marg),
944 2797 1100 2851 HMa,
1124 2799 1178 2840 ut
1207 2796 1310 2841 coni
1334 2795 1400 2838 Re
1462 2790 1662 2848 πόλεμον
1680 2792 1769 2835 Ath

145 2870 220 2900 om
244 2857 336 2899 edd
458 2861 511 2900 19
538 2874 616 2901 ινα
637 2859 722 2901 Μα
750 2859 756 2913 Ι
783 2857 928 2901 τούτω
946 2857 1005 2901 H
1024 2858 1031 2912 Ι
1057 2855 1188 2911 παρὰ
1207 2862 1299 2899 τῶν
1324 2850 1374 2898 εὖ
1397 2850 1672 2910 πασχόντων
1696 2864 1771 2893 0111

87 2915 144 2957 H
175 2915 182 2969 1
225 2916 329 2969 περὶ
354 2917 442 2959 Ma
585 2920 641 2960 20
673 2914 853 2972 γένοιτο
886 2916 954 2959 Re
985 2915 1068 2959 sed
1099 2914 1156 2959 of.
1190 2911 1440 2965 Schroefol,
1472 2911 1541 2954 De
1573 2908 1772 2966 optativi

86 2972 213 3028 apud.
245 2972 519 3029 Dionysium
550 2973 656 3018 Hal.
687 2989 789 3028 usu,
822 2973 1011 3018 Vratisl.
1040 2977 1153 3017 1909
1185 2987 1230 3029 p.
1257 2977 1310 3015 71
