2010 3168
638 113 966 159 HYPERIDIS
996 113 1222 158 ORATIO
1662 113 1773 166 255

81 251 183 319 μὲν
222 252 368 324 ἄλλω
409 251 580 304 αὐτὸν
620 256 751 314 ἴσως
792 248 907 303 ἐστὶ
945 258 1059 312 τοῖς
1097 251 1290 319 νόμοις
1323 249 1674 316 ὑπεναντίον,
1711 250 1775 302 τὸ

84 339 146 392 δὲ
184 347 258 410 τῷ
300 341 452 411 δήμῳ
494 340 784 393 δουλεύειν
815 339 1138 407 ἀναγκάζειν
1169 339 1306 390 κατὰ
1336 339 1439 406 τὴν
1468 345 1567 391 τοῦ
1600 339 1774 406 νόμου

83 429 310 497 γνώμην
363 427 479 482 ἐστὶ
532 428 928 498 γεγραμμένον.
983 427 1156 480 αὐτοῦ
1212 423 1355 480 εἶναι
1409 428 1494 480 δεῖ
1546 430 1775 494 κυρίους

83 517 223 584 ὑμᾶς
262 512 341 570 ὧν
378 516 469 570 καὶ
501 520 774 587 πρότερον
805 520 1031 585 πολίτης
1063 514 1230 579 ἔδοξε.
1269 516 1478 578 πάντας
1516 516 1777 584 ἠδίκησεν

83 605 423 674 Ἀθηναίους.
464 606 675 659 οὐκοῦν
712 607 911 668 πάντες
950 607 1196 659 ἔστωσαν
1235 607 1495 658 δεσπόται
1532 612 1633 658 τοῦ
1673 605 1775 657 σώ-
1825 625 1848 657 ⁵

84 714 265 763 ματος.
317 695 404 747 22.
444 696 705 764 δημεύετε
743 695 1003 756 πολλάκις
1041 695 1198 762 ὑμεῖς
1237 694 1430 756 οὐσίας
1468 703 1580 746 τῶν
1617 713 1777 746 κατα-

85 784 273 851 δίκων,
313 779 431 837 ἀλλ’
478 786 694 836 ἔνεστιν
734 784 1058 852 ὠνήσασθαι
1096 790 1172 854 τῷ
1220 783 1372 854 δήμῳ
1414 784 1482 835 τὰ
1520 783 1777 851 κτήματα.

85 872 266 941 ὥσπερ
322 868 425 925 οὖν
480 871 561 925 ἐπ’
608 871 796 943 ἐκείνῳ
853 871 1093 925 δέδωκεν
1141 872 1170 925 ὁ
1217 874 1387 938 νόμος
1440 872 1637 941 κύριον
1691 890 1778 939 γε-’

86 960 286 1014 νέσθαι
314 962 413 1014 τὸν
438 962 616 1030 δῆμον
638 971 750 1014 τῶν
775 961 1166 1030 δημευομένων
1188 961 1495 1029 κτημάτων,
1521 961 1663 1014 οὕτω
1687 957 1778 1017 καὶ

90 1057 254 1103 τοῦτο
281 1051 712 1119 συγκεχώρηκεν,
746 1049 883 1103 ἐπὰν
907 1051 1175 1118 δημόσιον
1199 1044 1346 1102 εἷναί
1365 1069 1448 1112 τις
1470 1050 1657 1119 γράφῃ
1681 1051 1781 1102 τὸν
1805 1070 1852 1103 10

88 1138 268 1202 ξενίας
323 1138 610 1193 ἑαλωκότα.
682 1139 768 1193 23.
812 1141 875 1192 τί
935 1135 1056 1192 οὖν
1109 1136 1291 1192 ἔσται
1345 1138 1780 1207 Δημοσθένης

88 1230 405 1297 χρήσιμος
467 1229 783 1297 δημόσιος
843 1230 1223 1297 γενόμενοςς
1287 1226 1315 1279 ὃ
1370 1226 1461 1280 καὶ
1507 1229 1782 1297 πρότερον

87 1311 157 1384 ἦν
205 1316 284 1370 ε’ν-
311 1326 427 1379 τοῖς
473 1315 792 1386 ἐλευθέροις
838 1316 1263 1385 ἀριθμούμενος.
1309 1318 1411 1385 τὴν
1457 1317 1562 1384 γὰρ
1609 1317 1783 1385 τύχην

88 1405 511 1475 μεταβέβληκεν,
560 1407 627 1459 οὐ
667 1407 768 1475 τὴν
813 1409 1165 1476 προαίρεσιν,
1211 1404 1302 1458 καὶ
1350 1404 1580 1474 γέγονεν
1622 1405 1783 1458 ἀλλό-

87 1514 240 1564 τριος
286 1503 381 1564 τῆς
426 1493 611 1564 δόξης,
665 1495 732 1548 οὐ
788 1503 882 1564 τῆς
937 1496 1015 1557 εἰς
1059 1496 1158 1547 τὸν
1204 1495 1382 1563 δῆμον
1425 1495 1661 1557 εὐνοίας.
1714 1494 1782 1547 οὐ
1807 1515 1853 1548 15

90 1585 194 1651 γὰρ
251 1584 390 1653 ὁμοῦ
445 1591 521 1656 τῷ
575 1592 670 1653 τῆς
724 1583 1046 1655 ἐλευθερίας
1101 1583 1548 1654 ἀποστερηθῆναι
1592 1582 1596 1655 1
1647 1588 1768 1632 RIV
1786 1592 1872 1632 331

90 1672 361 1725 πέπαυται
399 1672 490 1726 καὶ
530 1681 629 1726 τοῦ
668 1680 870 1726 τοῦτον
910 1673 1164 1742 ὠφελεῖν,
1204 1671 1323 1726 ἀλλ’
1363 1671 1449 1725 ε’πὶ
1490 1681 1586 1741 τῆς
1617 1673 1786 1740 αὐτῆς

90 1760 311 1830 <μένει>
364 1760 576 1826 τάξεως.
631 1764 733 1831 τὴν
793 1759 895 1831 μὲν
957 1763 1062 1832 γὰρ
1123 1763 1425 1831 καταδίκην
1488 1762 1589 1831 οὐχ
1650 1761 1785 1830 ὑμῖν

95 1852 454 1919 λογιζόμενος,
492 1861 607 1914 τοῖς
646 1848 706 1904 δὲ
745 1850 1150 1920 ψηφισαμένοις
1195 1849 1284 1903 καὶ
1333 1858 1449 1914 τοῖς
1486 1852 1786 1919 κατηγορή-

95 1952 220 1992 σασι
262 1940 398 2008 πρὸς
435 1940 576 2006 ὑμᾶς
615 1940 791 2009 ὅμηρα
822 1941 1000 1993 πολλὰ
1038 1947 1134 2008 τῆς
1173 1940 1392 2002 εὐνοίας
1424 1942 1551 2009 ἔχει,
1592 1940 1786 2008 στεφά-
1812 1962 1859 1993 20

95 2049 246 2097 νους,
284 2030 621 2098 κηρύγματα,
661 2032 996 2098 φιλοτιμίας,
1036 2030 1261 2098 δωρεάς,
1301 2030 1439 2082 ἄλλα
1479 2027 1551 2082 δι’
1590 2028 1623 2081 ἃ
1653 2039 1788 2081 πᾶσι

96 2116 433 2186 παραινέσει,
474 2118 795 2187 σύμβουλον
835 2118 1004 2171 αὑτὸν
1043 2127 1155 2171 τῶν
1187 2117 1472 2187 ἀρχόντων
1511 2115 1788 2180 ἀποδείξε-

219 2239 240 2276 1
276 2233 383 2278 ἄλλο
418 2234 569 2278 αὐτῶν
602 2234 812 2279 VaBMa
955 2239 982 2277 4
1014 2235 1133 2292 ὑμᾶς
1163 2234 1328 2291 scripsi
1405 2233 1525 2290 ἡμᾶς
1555 2233 1665 2277 libri
1698 2233 1788 2276 edd

217 2298 243 2336 5
271 2291 569 2349 γενέσθωσαν
589 2294 678 2337 Ma
801 2298 853 2336 12
888 2291 911 2338 ὃ
938 2294 1101 2351 scripsi
1127 2296 1315 2338 auctore
1338 2294 1548 2337 Iacobsio
1574 2294 1687 2337 Lect
1705 2296 1791 2335 110

158 2352 220 2403 ὡς
249 2351 358 2395 libri
383 2352 473 2397 edd
499 2352 581 2395 sed
603 2352 749 2396 πολλὰ
781 2356 891 2397 ante
916 2353 977 2405 ὡς
1001 2353 1230 2398 excidisse
1261 2353 1366 2397 coni
1397 2353 1464 2397 Re
1589 2358 1642 2396 16
1675 2353 1790 2396 ἀπο-

101 2417 264 2468 στῆναι
298 2412 367 2456 Va
398 2411 479 2454 sed
513 2428 566 2468 γρ
591 2412 974 2468 ἀποστερηθῆναι
1004 2412 1054 2455 in
1086 2426 1220 2469 marg
1251 2412 1322 2455 m²
1466 2417 1519 2456 17
1551 2419 1634 2456 τοῦ
1665 2411 1795 2454 inser

100 2469 166 2515 L²
227 2484 302 2514 om
327 2470 536 2514 VaRMa
563 2472 569 2527 Ι
596 2470 648 2514 τὸ
667 2472 756 2515 Μα
783 2473 789 2527 Ι
819 2471 883 2516 ἔτι
907 2471 1030 2516 ἐστιν
1056 2471 1130 2516 ἐπὶ
1155 2471 1259 2515 coni
1279 2471 1348 2515 Re
1410 2472 1502 2516 ἐστὶ
1526 2478 1605 2527 τῆς
1628 2469 1794 2514 Iacobs
1824 2495 1830 2501 =

100 2529 213 2574 Lech
248 2534 331 2572 110
477 2534 531 2573 18
571 2528 697 2586 μένει
727 2529 903 2574 inserui
981 2544 1055 2574 om
1087 2530 1196 2574 libri
1228 2530 1319 2574 edd
1370 2533 1376 2588 Ι
1425 2530 1596 2584 τάξεως
1627 2528 1792 2585 scripsi

102 2588 370 2632 auctoribus
395 2587 463 2631 Re
488 2591 536 2631 et
557 2588 768 2633 Iacobsio
830 2588 1040 2644 πράξεως
1068 2589 1177 2633 libri
1202 2590 1293 2633 edd
1415 2594 1468 2632 19
1501 2587 1796 2647 λογιζόμενος

103 2647 269 2720 scripsi
328 2646 564 2704 λογίζομαι
594 2647 705 2691 libri
737 2648 829 2692 edd
897 2647 1122 2720 λογίζεται
1154 2649 1257 2693 coni
1291 2648 1447 2692 Gasda.
1583 2653 1636 2691 21
1678 2647 1793 2691 ἄλλα

94 2703 167 2765 δι’
205 2704 235 2749 ἃ
267 2706 433 2762 scripsi
465 2708 653 2750 auctore
685 2707 754 2750 Re
815 2698 912 2751 ἀλλ
950 2708 1050 2753 ἰδία
1088 2707 1197 2751 lib1i
1259 2706 1356 2751 ἀλλ’
1394 2706 1495 2769 ἰδίᾳ
1527 2707 1616 2751 edd
1646 2710 1652 2759 Ι
1679 2713 1793 2750 πᾶσι

104 2764 269 2821 scripsi
301 2778 325 2808 e
366 2767 428 2810 Va
451 2765 532 2809 sed
564 2764 688 2821 πάση
721 2780 935 2822 suprascr
965 2767 1047 2820 m²‚
1081 2768 1126 2810 B
1159 2767 1240 2810 sed
1265 2782 1289 2810 e
1313 2766 1437 2823 πάση
1471 2777 1573 2810 corr
1594 2765 1677 2819 m²‚
1704 2766 1793 2809 Ma

160 2822 286 2896 πάσῃ
312 2825 433 2868 LLa
465 2825 555 2868 edd
631 2831 746 2868 πᾶσι
783 2824 841 2869 τὰ
873 2825 1080 2882 βέλτιστα
1112 2824 1405 2880 παραινέσει
1443 2826 1484 2870 εἰ
1516 2825 1619 2868 coni
1652 2825 1719 2867 Re
1769 2855 1773 2861 -

104 2881 229 2940 πάσῃ
260 2881 494 2943 παρρησίᾳ
520 2882 681 2926 Iacobs
705 2882 818 2928 Lect
844 2889 926 2927 111
1050 2890 1105 2928 22
1139 2885 1283 2929 αὐτὸν
1315 2885 1399 2940 Va,
1424 2882 1537 2928 sed'
1567 2882 1643 2927 in
1679 2897 1794 2932 corr

108 2942 196 2984 Ma
223 2944 230 2998 Ι
257 2928 523 2995 ἀποδείξετε
554 2942 659 2985 coni
691 2942 758 2985 Re
