2010 3168
584 92 924 138 ARCHIDAMI
956 91 1252 136 DEFENSIO
1654 90 1764 142 445

79 232 290 300 ὀλίγαις
342 235 645 301 κεχρῆσθαι
700 231 1000 298 συλλαβαῖς
1055 227 1438 297 ἐπιτηδεύουσι
1492 227 1766 294 Λάκωνες,

79 321 216 374 ἀλλὰ
256 329 586 390 συμμετρεῖν
624 327 690 389 τῇ
731 318 963 388 δυνάμει
1008 327 1120 371 τῶν
1166 317 1500 388 πραγμάτων
1546 313 1629 369 ἀεὶ
1676 335 1766 385 με-

79 413 271 462 λετῶσι
310 410 374 461 τὰ
416 408 625 477 ῥήματα
665 412 1112 476 φιλονεικοῦντες
1157 407 1223 459 τὰ
1267 409 1496 459 πλείονα
1538 405 1768 474 φεύγειν

81 498 141 551 ἐν
180 491 263 559 οἷς
300 499 668 567 βραχυλογεῖν
707 497 806 550 οὐκ
847 496 1139 549 ἀδύνατον.
1186 503 1350 549 τοῦτο
1392 491 1452 548 δὲ
1492 494 1626 563 κάμὲ
1676 512 1767 546 πε-

77 588 340 655 ποιηκότα
380 585 408 639 ὁ
449 587 580 648 τοὺς
620 589 821 654 λόγους
860 585 1099 656 ἀκριβῶς
1138 583 1396 649 ἐξετάζων
1436 583 1670 654 εὑρήσει.
1814 603 1833 635 5

742 734 820 788 ‘H
850 733 1096 804 μελέτη.

192 840 238 892 1.
279 839 455 909 Χάριν
507 835 611 907 ἔχω
667 849 781 901 τοῖς
835 840 1099 892 σεσωκόσι
1155 843 1311 900 θεοῖς
1359 835 1432 890 δι’
1486 835 1621 905 ἐμοῦ
1667 835 1769 903 τὴν

77 930 264 997 πόλιν,
321 924 363 980 ὦ
412 928 610 997 ἄνδρες
657 928 1111 996 Λακεδαιμόνιοι,
1164 926 1269 980 κᾶν
1324 928 1490 996 δεήσῃ
1543 945 1610 995 με
1663 932 1768 978 νῦν

80 1023 300 1083 παθεῖν,
340 1016 442 1070 οὐκ
481 1016 770 1086 ἀποκνήσω
811 1019 909 1071 τὸν
946 1017 1237 1084 κίνδυνον,
1286 1016 1370 1069 ὅτι
1417 1016 1769 1084 φρονήματος

83 1111 407 1159 Λακωνικοῦ
438 1105 866 1175 πεφυλαγμένου
898 1115 962 1178 τῆ
993 1107 1221 1177 Σπάρτῃ
1255 1104 1284 1159 ὁ
1315 1104 1548 1174 χρηστὸς
1579 1101 1768 1157 οὑτοσὶ
1796 1123 1837 1155 ιο

80 1203 176 1263 τῆς
215 1193 344 1264 ἐμῆς
381 1195 594 1264 ἡλικίας
633 1198 935 1265 κατήγορος
975 1197 1136 1264 δίκην
1173 1203 1270 1264 τῆς
1308 1194 1622 1263 εὐεργεσίας
1661 1194 1770 1245 εἰσ-

80 1285 372 1353 πράττεται
413 1282 482 1337 δι’
529 1284 600 1353 ἣν
639 1285 786 1357 αὐτῷ
820 1285 1004 1353 γραφὴ
1044 1283 1132 1337 καὶ
1165 1285 1313 1351 βῆμα
1345 1281 1433 1336 καὶ
1465 1281 1648 1351 λέγειν
1679 1279 1772 1333 ἐπ’

81 1371 355 1441 ἐξουσίας,
416 1381 511 1442 τῆς
573 1372 894 1443 ἐλευθερίας
947 1374 1013 1426 τὰ
1075 1374 1338 1442 σύμβολα.
1394 1373 1443 1425 εἰ
1497 1372 1600 1440 γὰρ
1655 1378 1771 1432 τοῖς

81 1463 362 1530 πολεμίοις
391 1462 527 1514 κατὰ
558 1468 699 1514 νοῦν
739 1460 893 1530 ἐξέβη
934 1462 999 1514 τὰ
1039 1461 1327 1531 πράγματα
1365 1459 1456 1514 καὶ
1491 1461 1770 1528 Μεσήνης,

83 1549 168 1622 ἐφ’
215 1544 250 1621 ᾗ
288 1549 426 1620 μέγα
465 1557 810 1620 φρονοῦμεν,
859 1551 1148 1604 κελεύουσι
1192 1553 1456 1620 Θηβαίοις
1492 1549 1770 1618 ὑπεχωρή-
1795 1569 1837 1601 15

83 1627 278 1710 σαμεν,
342 1638 370 1691 ὃ
425 1648 489 1709 τῇ
544 1637 646 1709 μὲν
699 1639 865 1694 ε’νίων
918 1639 1236 1711 προαιρέσει
1292 1640 1534 1709 συμβάν,
1590 1647 1654 1709 τῇ
1712 1634 1772 1690 δὲ

87 1729 90 1801 4
134 1726 259 1799 παρ’
299 1727 431 1796 ἐμοῦ
463 1730 571 1798 πρὸ
609 1738 722 1783 τῶν
751 1731 1032 1783 κινδύνων
1062 1732 1298 1801 προνοίᾳ
1336 1726 1594 1783 κωλυθὲν
1634 1730 1754 1776 RIV
1774 1735 1859 1774 422

83 1822 362 1887 φαίνεται,
408 1820 463 1872 τί
510 1820 828 1887 προσδοκᾶν
865 1819 1133 1890 ὑπῆρχεν,
1181 1817 1302 1872 εἰπέ
1343 1839 1462 1888 μοι,
1512 1818 1772 1887 χρηστόν;

85 1907 375 1961 δουλεύειν
415 1908 913 1978 Λακεδαιμονίους,
953 1905 994 1962 ὦ
1041 1913 1174 1977 Ζεῦ,
1218 1908 1481 1978 Θηβαίοις
1532 1906 1771 1959 ἐλείπετο

83 1997 216 2065 μετὰ
257 1997 448 2058 Πύλας
486 1995 575 2050 καὶ
619 1998 906 2051 Πλάταιαν
943 1998 1033 2051 καὶ
1073 1999 1138 2051 τὰ
1177 1998 1352 2050 πολλὰ
1390 1998 1625 2066 τρόπαια
1661 2003 1773 2047 τῶν
1797 2020 1839 2052 20

205 2116 258 2155 10
291 2111 348 2155 cf.
382 2126 427 2168 p.
452 2116 619 2168 449‚7;
653 2117 753 2168 451,
773 2118 826 2157 ιο
951 2119 1003 2158 11
1038 2114 1095 2158 cf.
1129 2114 1398 2166 t.11144,3

206 2221 258 2260 11
292 2213 442 2260 ἰστέον
484 2212 551 2260 ὅτι
585 2217 612 2270 ἡ
652 2215 848 2274 Σπάρτη
888 2217 1146 2274 ὠνομάζετο
1186 2218 1266 2262 καὶ
1306 2213 1638 2272 Λακεδαίμων,
1676 2214 1776 2273 ἥτις

84 2276 164 2319 καὶ
195 2273 547 2332 Λακεδαιμονία
580 2273 757 2332 λέγεται
797 2276 926 2327 ἐντὸς
963 2283 1045 2333 τῆς
1075 2283 1352 2334 Λακωνικῆς
1383 2274 1499 2321 οὖσα
1541 2274 1642 2332 ἥτις
1681 2276 1774 2320 ἐστὶ

83 2333 226 2391 θέμα,
257 2335 284 2391 ἡ
318 2335 369 2379 δὲ
401 2334 649 2391 Λακωνικὴ
682 2334 817 2392 μέρος
846 2341 927 2393 τῆς
959 2336 1291 2392 Πελοπονήσου
1316 2335 1568 2381 LaurMa²

205 2444 230 2481 5
264 2438 287 2480 ὁ
320 2451 396 2481 om
420 2439 478 2482 H
508 2440 515 2494 Ι
556 2435 626 2490 τίς
654 2440 760 2495 post
790 2437 954 2497 λόγους
978 2441 1032 2484 Η
1149 2445 1175 2484 6
1201 2438 1263 2484 ‘H
1291 2440 1452 2498 μελέτη
1484 2441 1534 2483 in
1564 2454 1697 2496 marg·
1722 2438 1775 2482 ΟΖ

146 2511 220 2540 om
247 2498 337 2541 Ma
397 2500 671 2554 Μελετῶμεν
702 2498 783 2543 τὸν
809 2497 1085 2557 Ἀρχίδαμον
1117 2499 1219 2543 Μοι·
1248 2500 1316 2544 Re
1438 2504 1464 2543 8
1496 2499 1579 2556 μὲν
1620 2505 1706 2542 νῦν
1724 2499 1780 2542 Η

85 2557 131 2600 Β
163 2556 265 2599 Mor
325 2563 499 2614 μεννῦν
523 2556 633 2600 Fen·
754 2563 804 2601 11
841 2572 954 2603 voce
976 2565 1058 2615 τῆς
1080 2559 1157 2603 inc
1184 2559 1244 2604 Or
1266 2558 1345 2603 fol.
1372 2563 1454 2602 61v
1482 2561 1488 2615 Ι
1515 2560 1666 2614 vqs-(2)
1699 2571 1775 2601 om

90 2615 208 2660 OrH
348 2620 402 2658 14
433 2614 660 2673 μεσσήνης
685 2616 805 2661 GrH
858 2615 1046 2674 μεσίνης
1072 2618 1202 2662 OlBa
1346 2623 1399 2662 16
1432 2616 1589 2675 ἐνίων]
1623 2617 1672 2661 ἐν
1696 2616 1775 2659 Βα

208 2678 261 2718 18
286 2675 506 2732 ὑπῆρχεν,
522 2673 622 2719 εἰπέ
645 2691 737 2731 μοι,
761 2676 959 2733 χρηστόν
983 2677 1147 2734 scripsi
1173 2692 1197 2721 e
1216 2677 1604 2723 GrHMaClBaB
1628 2675 1775 2718 Bursa

145 2733 321 2791 ὑπῆρχε
351 2733 563 2791 χρηστόν,
595 2732 695 2778 εἰπέ
725 2751 803 2791 μοι
830 2735 1024 2780 MLaur
1056 2736 1147 2780 edd
1280 2741 1334 2781 19
1366 2734 1601 2794 θηβαίους
1632 2730 1667 2778 ὦ
1699 2737 1774 2786 ζεῦ

90 2793 179 2836 Μα
234 2795 242 2849 1
298 2793 535 2837 δουλεύειν
577 2794 686 2836 ante
732 2792 956 2852 Θηβαίοις
996 2795 1302 2851 repetendum
1345 2795 1450 2839 coni
1492 2792 1774 2837 Markowski

87 2850 273 2903 (Bursa:
312 2852 488 2897 Servire
529 2852 873 2907 lacedemonios,
913 2868 938 2898 ο
973 2855 1172 2910 Iupiter,
1210 2855 1374 2899 servire
1413 2854 1632 2908 thebanis)

89 2913 145 2952 20
176 2924 287 2953 num
318 2910 572 2963 Πλαταιὰς,
602 2912 656 2954 ut
686 2925 731 2967 p.
757 2916 856 2966 356,
878 2917 963 2957 15?
