<?xml version="1.0" encoding="UTF-8"?>
<!DOCTYPE html PUBLIC "-//W3C//DTD XHTML 1.0 Transitional//EN"
    "http://www.w3.org/TR/xhtml1/DTD/xhtml1-transitional.dtd">
<html xmlns="http://www.w3.org/1999/xhtml" xml:lang="en" lang="en">
 <head>
  <title>
</title>
<meta http-equiv="Content-Type" content="text/html;charset=utf-8" />
  <meta name='ocr-system' content='tesseract 3.04.00' />
  <meta name='ocr-capabilities' content='ocr_page ocr_carea ocr_par ocr_line ocrx_word'/>
</head>
<body>
  <div class='ocr_page' id='page_1' title='image "./operarecensuitri06libauoft_0519.png"; bbox 0 0 2010 3168; ppageno 0'>
   <div class='ocr_carea' id='block_1_1' title="bbox 847 693 1039 748">
    <p class='ocr_par' dir='ltr' id='par_1_1' title="bbox 847 693 1039 748">
     <span class='ocr_line' id='line_1_1' title="bbox 847 693 1039 748; baseline 0.005 -1"><span class='ocrx_word' id='word_1_1' title='bbox 847 693 1039 748; x_wconf 85' lang='lat' dir='ltr'>XXVI.</span> 
     </span>
    </p>
   </div>
   <div class='ocr_carea' id='block_1_2' title="bbox 97 812 1787 972">
    <p class='ocr_par' dir='ltr' id='par_1_2' title="bbox 97 812 1787 972">
     <span class='ocr_line' id='line_1_2' title="bbox 97 812 1787 883; baseline -0.001 -16"><span class='ocrx_word' id='word_1_2' title='bbox 97 814 445 877; x_wconf 82' lang='grc' dir='ltr'><strong><em>Δύσκολος</em></strong></span> <span class='ocrx_word' id='word_1_3' title='bbox 483 815 687 883; x_wconf 78' lang='grc' dir='ltr'><em>γήμας</em></span> <span class='ocrx_word' id='word_1_4' title='bbox 733 813 933 867; x_wconf 96' lang='grc' dir='ltr'><em>λάλον</em></span> <span class='ocrx_word' id='word_1_5' title='bbox 980 823 1262 882; x_wconf 77' lang='grc' dir='ltr'><em>γυναῖκα</em></span> <span class='ocrx_word' id='word_1_6' title='bbox 1309 812 1545 867; x_wconf 81' lang='grc' dir='ltr'><em>ἑαυτὸν</em></span> <span class='ocrx_word' id='word_1_7' title='bbox 1590 826 1787 883; x_wconf 82' lang='grc' dir='ltr'><em>προσ-</em></span> 
     </span>
     <span class='ocr_line' id='line_1_3' title="bbox 789 902 1105 972; baseline -0.003 -16"><span class='ocrx_word' id='word_1_8' title='bbox 789 902 1105 972; x_wconf 62' lang='grc' dir='ltr'><em>αγγέλλεα</em></span> 
     </span>
    </p>
   </div>
   <div class='ocr_carea' id='block_1_3' title="bbox 99 1033 1880 1195">
    <p class='ocr_par' dir='ltr' id='par_1_3' title="bbox 99 1033 1880 1195">
     <span class='ocr_line' id='line_1_4' title="bbox 213 1033 1880 1106; baseline -0.001 -17"><span class='ocrx_word' id='word_1_9' title='bbox 213 1037 257 1090; x_wconf 95' lang='grc'><em>1.</em></span> <span class='ocrx_word' id='word_1_10' title='bbox 298 1035 450 1090; x_wconf 79' lang='grc' dir='ltr'><em>’Ἐὸει</em></span> <span class='ocrx_word' id='word_1_11' title='bbox 496 1034 620 1105; x_wconf 79' lang='grc' dir='ltr'><em>μέν,</em></span> <span class='ocrx_word' id='word_1_12' title='bbox 662 1033 703 1089; x_wconf 85' lang='grc' dir='ltr'><em>ὦ</em></span> <span class='ocrx_word' id='word_1_13' title='bbox 740 1038 940 1106; x_wconf 76' lang='grc' dir='ltr'><em>βουλή,</em></span> <span class='ocrx_word' id='word_1_14' title='bbox 981 1035 1248 1090; x_wconf 79' lang='grc' dir='ltr'><em>τεθνάναι</em></span> <span class='ocrx_word' id='word_1_15' title='bbox 1285 1056 1352 1104; x_wconf 89' lang='grc' dir='ltr'><em>με</em></span> <span class='ocrx_word' id='word_1_16' title='bbox 1405 1034 1538 1106; x_wconf 85' lang='grc' dir='ltr'><em>πρὶν</em></span> <span class='ocrx_word' id='word_1_17' title='bbox 1577 1034 1610 1104; x_wconf 82' lang='grc' dir='ltr'>ἢ</span> <span class='ocrx_word' id='word_1_18' title='bbox 1656 1039 1776 1084; x_wconf 88' lang='lat' dir='ltr'><em>RIV</em></span> <span class='ocrx_word' id='word_1_19' title='bbox 1796 1044 1880 1083; x_wconf 87' lang='lat'><em>134</em></span> 
     </span>
     <span class='ocr_line' id='line_1_5' title="bbox 99 1124 1792 1195; baseline -0.001 -16"><span class='ocrx_word' id='word_1_20' title='bbox 99 1133 267 1195; x_wconf 76' lang='grc' dir='ltr'><em>γῆμαι</em></span> <span class='ocrx_word' id='word_1_21' title='bbox 321 1124 412 1179; x_wconf 80' lang='grc' dir='ltr'><em>καὶ</em></span> <span class='ocrx_word' id='word_1_22' title='bbox 466 1133 706 1179; x_wconf 80' lang='grc' dir='ltr'><em>τοσαῦτα</em></span> <span class='ocrx_word' id='word_1_23' title='bbox 760 1124 991 1179; x_wconf 81' lang='grc' dir='ltr'><em>ἀκοῦσαι</em></span> <span class='ocrx_word' id='word_1_24' title='bbox 1044 1133 1140 1194; x_wconf 80' lang='grc' dir='ltr'><em>τῆς</em></span> <span class='ocrx_word' id='word_1_25' title='bbox 1202 1125 1462 1193; x_wconf 81' lang='grc' dir='ltr'><em>γυναικὸς</em></span> <span class='ocrx_word' id='word_1_26' title='bbox 1520 1125 1792 1192; x_wconf 80' lang='grc' dir='ltr'><em>λαλούσης</em></span> 
     </span>
    </p>
   </div>
   <div class='ocr_carea' id='block_1_4' title="bbox 4 1211 1791 1285">
    <p class='ocr_par' dir='ltr' id='par_1_4' title="bbox 4 1211 1791 1285">
     <span class='ocr_line' id='line_1_6' title="bbox 4 1211 1791 1285; baseline -0.001 -18"><span class='ocrx_word' id='word_1_27' title='bbox 4 1254 10 1260; x_wconf 81' lang='lat'><strong>.</strong></span> <span class='ocrx_word' id='word_1_28' title='bbox 101 1213 278 1268; x_wconf 83' lang='grc' dir='ltr'><strong>ὁπόσα</strong></span> <span class='ocrx_word' id='word_1_29' title='bbox 317 1213 539 1283; x_wconf 77' lang='grc' dir='ltr'><em>ἀκήκοα,</em></span> <span class='ocrx_word' id='word_1_30' title='bbox 580 1212 696 1267; x_wconf 80' lang='grc' dir='ltr'><em>ἐπεὶ</em></span> <span class='ocrx_word' id='word_1_31' title='bbox 737 1211 796 1267; x_wconf 75' lang='grc' dir='ltr'><em>δὲ</em></span> <span class='ocrx_word' id='word_1_32' title='bbox 837 1215 903 1268; x_wconf 87' lang='grc' dir='ltr'><em>οὐ</em></span> <span class='ocrx_word' id='word_1_33' title='bbox 944 1213 1216 1284; x_wconf 77' lang='grc' dir='ltr'><em>διέφυγον</em></span> <span class='ocrx_word' id='word_1_34' title='bbox 1264 1214 1441 1269; x_wconf 84' lang='grc' dir='ltr'><em>ἐκεῖνο</em></span> <span class='ocrx_word' id='word_1_35' title='bbox 1488 1221 1635 1285; x_wconf 78' lang='grc' dir='ltr'><em>κακῷ</em></span> <span class='ocrx_word' id='word_1_36' title='bbox 1676 1214 1791 1266; x_wconf 85' lang='grc' dir='ltr'><em>δαί-</em></span> 
     </span>
    </p>
   </div>
   <div class='ocr_carea' id='block_1_5' title="bbox 219 1321 349 1325">
    <p class='ocr_par' dir='ltr' id='par_1_5' title="bbox 219 1321 349 1325">
     <span class='ocr_line' id='line_1_7' title="bbox 219 1321 349 1325; baseline 0 0"><span class='ocrx_word' id='word_1_37' title='bbox 219 1321 349 1325; x_wconf 95' lang='lat' dir='ltr'><em> </em></span> 
     </span>
    </p>
   </div>
   <div class='ocr_carea' id='block_1_6' title="bbox 100 1322 212 1330">
    <p class='ocr_par' dir='ltr' id='par_1_6' title="bbox 100 1322 212 1330">
     <span class='ocr_line' id='line_1_8' title="bbox 100 1322 212 1330; baseline 0 -4"><span class='ocrx_word' id='word_1_38' title='bbox 100 1322 212 1330; x_wconf 38' lang='grc' dir='ltr'><em>,-,-ὥ</em></span> 
     </span>
    </p>
   </div>
   <div class='ocr_carea' id='block_1_7' title="bbox 217 1374 1490 1910">
    <p class='ocr_par' dir='ltr' id='par_1_7' title="bbox 221 1374 1373 1432">
     <span class='ocr_line' id='line_1_9' title="bbox 221 1374 1373 1432; baseline 0 -12"><span class='ocrx_word' id='word_1_39' title='bbox 221 1376 280 1420; x_wconf 84' lang='lat' dir='ltr'><em>Cr</em></span> <span class='ocrx_word' id='word_1_40' title='bbox 311 1397 366 1412; x_wconf 89' lang='lat'><strong><em>=</em></strong></span> <span class='ocrx_word' id='word_1_41' title='bbox 395 1374 548 1420; x_wconf 83' lang='lat' dir='ltr'>Codex</span> <span class='ocrx_word' id='word_1_42' title='bbox 578 1374 1031 1432; x_wconf 77' lang='lat' dir='ltr'><strong>Hierosolymitanus</strong></span> <span class='ocrx_word' id='word_1_43' title='bbox 1061 1375 1104 1419; x_wconf 83' lang='lat' dir='ltr'><em>S.</em></span> <span class='ocrx_word' id='word_1_44' title='bbox 1131 1375 1290 1420; x_wconf 81' lang='lat' dir='ltr'>Crucis</span> <span class='ocrx_word' id='word_1_45' title='bbox 1320 1380 1373 1420; x_wconf 84' lang='lat'><em>57</em></span> 
     </span>
    </p>

    <p class='ocr_par' dir='ltr' id='par_1_8' title="bbox 217 1434 1354 1493">
     <span class='ocr_line' id='line_1_10' title="bbox 217 1434 1354 1493; baseline 0.001 -14"><span class='ocrx_word' id='word_1_46' title='bbox 217 1435 275 1479; x_wconf 88' lang='lat' dir='ltr'><em>H</em></span> <span class='ocrx_word' id='word_1_47' title='bbox 312 1457 367 1472; x_wconf 94' lang='lat'><strong><em>=</em></strong></span> <span class='ocrx_word' id='word_1_48' title='bbox 393 1434 848 1491; x_wconf 83' lang='lat' dir='ltr'><strong>Hierosolymitanus</strong></span> <span class='ocrx_word' id='word_1_49' title='bbox 883 1435 925 1480; x_wconf 83' lang='lat' dir='ltr'><em>S.</em></span> <span class='ocrx_word' id='word_1_50' title='bbox 962 1434 1176 1493; x_wconf 85' lang='lat' dir='ltr'><strong>Sepulcri</strong></span> <span class='ocrx_word' id='word_1_51' title='bbox 1203 1439 1286 1480; x_wconf 79' lang='grc'><em>107</em></span> <span class='ocrx_word' id='word_1_52' title='bbox 1334 1466 1354 1491; x_wconf 76' lang='grc'><strong><em>,</em></strong></span> 
     </span>
    </p>

    <p class='ocr_par' dir='ltr' id='par_1_9' title="bbox 227 1495 864 1552">
     <span class='ocr_line' id='line_1_11' title="bbox 227 1495 864 1552; baseline -0.003 -12"><span class='ocrx_word' id='word_1_53' title='bbox 227 1496 271 1540; x_wconf 87' lang='lat' dir='ltr'><strong><em>V</em></strong></span> <span class='ocrx_word' id='word_1_54' title='bbox 311 1516 367 1531; x_wconf 91' lang='lat'>=</span> <span class='ocrx_word' id='word_1_55' title='bbox 392 1495 652 1538; x_wconf 74' lang='lat' dir='ltr'><strong>Vaticanus</strong></span> <span class='ocrx_word' id='word_1_56' title='bbox 684 1510 750 1552; x_wconf 87' lang='lat' dir='ltr'><em>gr.</em></span> <span class='ocrx_word' id='word_1_57' title='bbox 778 1499 864 1538; x_wconf 88' lang='grc'><em>940</em></span> 
     </span>
    </p>

    <p class='ocr_par' dir='ltr' id='par_1_10' title="bbox 224 1553 882 1599">
     <span class='ocr_line' id='line_1_12' title="bbox 224 1553 882 1599; baseline -0.002 0"><span class='ocrx_word' id='word_1_58' title='bbox 224 1554 260 1599; x_wconf 85' lang='grc' dir='ltr'><em>Ο</em></span> <span class='ocrx_word' id='word_1_59' title='bbox 312 1576 367 1591; x_wconf 92' lang='lat'>=</span> <span class='ocrx_word' id='word_1_60' title='bbox 394 1553 642 1599; x_wconf 83' lang='lat' dir='ltr'><strong>Chisianus</strong></span> <span class='ocrx_word' id='word_1_61' title='bbox 673 1554 714 1597; x_wconf 80' lang='lat' dir='ltr'><em>R,</em></span> <span class='ocrx_word' id='word_1_62' title='bbox 738 1553 802 1598; x_wconf 94' lang='lat' dir='ltr'><em>VI</em></span> <span class='ocrx_word' id='word_1_63' title='bbox 825 1559 882 1598; x_wconf 84' lang='lat'><em>43</em></span> 
     </span>
    </p>

    <p class='ocr_par' dir='ltr' id='par_1_11' title="bbox 218 1614 972 1659">
     <span class='ocr_line' id='line_1_13' title="bbox 218 1614 972 1659; baseline 0 -1"><span class='ocrx_word' id='word_1_64' title='bbox 218 1614 295 1658; x_wconf 89' lang='lat' dir='ltr'><strong>La</strong></span> <span class='ocrx_word' id='word_1_65' title='bbox 314 1636 369 1650; x_wconf 93' lang='lat'><strong><em>=</em></strong></span> <span class='ocrx_word' id='word_1_66' title='bbox 394 1614 737 1658; x_wconf 73' lang='lat' dir='ltr'>Laurentianus</span> <span class='ocrx_word' id='word_1_67' title='bbox 768 1614 893 1659; x_wconf 89' lang='lat' dir='ltr'><strong>LVII</strong></span> <span class='ocrx_word' id='word_1_68' title='bbox 916 1619 972 1658; x_wconf 88' lang='lat'><em>44</em></span> 
     </span>
    </p>

    <p class='ocr_par' dir='ltr' id='par_1_12' title="bbox 226 1673 1413 1791">
     <span class='ocr_line' id='line_1_14' title="bbox 226 1673 1413 1731; baseline 0.002 -15"><span class='ocrx_word' id='word_1_69' title='bbox 226 1673 285 1716; x_wconf 79' lang='lat' dir='ltr'><em>Vi</em></span> <span class='ocrx_word' id='word_1_70' title='bbox 311 1695 368 1710; x_wconf 93' lang='lat'><strong><em>=</em></strong></span> <span class='ocrx_word' id='word_1_71' title='bbox 392 1673 767 1718; x_wconf 83' lang='lat' dir='ltr'><strong>Vindoboncnsis</strong></span> <span class='ocrx_word' id='word_1_72' title='bbox 798 1674 967 1731; x_wconf 81' lang='lat' dir='ltr'><strong>philos,</strong></span> <span class='ocrx_word' id='word_1_73' title='bbox 1002 1676 1049 1719; x_wconf 87' lang='lat' dir='ltr'><em>et</em></span> <span class='ocrx_word' id='word_1_74' title='bbox 1079 1674 1243 1731; x_wconf 87' lang='lat' dir='ltr'><strong>philol.</strong></span> <span class='ocrx_word' id='word_1_75' title='bbox 1269 1674 1332 1718; x_wconf 89' lang='lat' dir='ltr'><em>IV</em></span> <span class='ocrx_word' id='word_1_76' title='bbox 1358 1679 1413 1718; x_wconf 84' lang='lat'><em>82</em></span> 
     </span>
     <span class='ocr_line' id='line_1_15' title="bbox 229 1732 869 1791; baseline 0 -14"><span class='ocrx_word' id='word_1_77' title='bbox 229 1733 296 1777; x_wconf 86' lang='lat' dir='ltr'><strong>Va</strong></span> <span class='ocrx_word' id='word_1_78' title='bbox 316 1754 371 1769; x_wconf 92' lang='lat'>=</span> <span class='ocrx_word' id='word_1_79' title='bbox 397 1732 654 1777; x_wconf 78' lang='lat' dir='ltr'><strong>Vaticanus</strong></span> <span class='ocrx_word' id='word_1_80' title='bbox 686 1749 754 1791; x_wconf 88' lang='lat' dir='ltr'><em>gr.</em></span> <span class='ocrx_word' id='word_1_81' title='bbox 781 1739 836 1778; x_wconf 75' lang='lat'><em>82</em></span> <span class='ocrx_word' id='word_1_82' title='bbox 854 1739 869 1749; x_wconf 84' lang='lat'>&#39;</span> 
     </span>
    </p>

    <p class='ocr_par' dir='ltr' id='par_1_13' title="bbox 223 1792 824 1837">
     <span class='ocr_line' id='line_1_16' title="bbox 223 1792 824 1837; baseline 0.003 -2"><span class='ocrx_word' id='word_1_83' title='bbox 223 1793 270 1836; x_wconf 92' lang='lat' dir='ltr'><em>B</em></span> <span class='ocrx_word' id='word_1_84' title='bbox 317 1814 372 1829; x_wconf 94' lang='lat'>=</span> <span class='ocrx_word' id='word_1_85' title='bbox 397 1792 680 1836; x_wconf 86' lang='lat' dir='ltr'><strong>Barberinus</strong></span> <span class='ocrx_word' id='word_1_86' title='bbox 703 1793 746 1837; x_wconf 91' lang='grc' dir='ltr'>Π</span> <span class='ocrx_word' id='word_1_87' title='bbox 769 1799 824 1837; x_wconf 90' lang='grc'><em>41</em></span> 
     </span>
    </p>

    <p class='ocr_par' dir='ltr' id='par_1_14' title="bbox 222 1851 1490 1910">
     <span class='ocr_line' id='line_1_17' title="bbox 222 1851 1490 1910; baseline 0.001 -15"><span class='ocrx_word' id='word_1_88' title='bbox 222 1851 276 1895; x_wconf 77' lang='lat' dir='ltr'><em>Ol</em></span> <span class='ocrx_word' id='word_1_89' title='bbox 313 1874 368 1889; x_wconf 96' lang='lat'><strong><em>=</em></strong></span> <span class='ocrx_word' id='word_1_90' title='bbox 393 1851 708 1897; x_wconf 83' lang='lat' dir='ltr'><strong>Berolinensis</strong></span> <span class='ocrx_word' id='word_1_91' title='bbox 741 1868 810 1910; x_wconf 89' lang='lat' dir='ltr'><em>gr.</em></span> <span class='ocrx_word' id='word_1_92' title='bbox 838 1857 922 1897; x_wconf 84' lang='lat'><em>195</em></span> <span class='ocrx_word' id='word_1_93' title='bbox 956 1853 1069 1897; x_wconf 89' lang='lat' dir='ltr'><strong>olim</strong></span> <span class='ocrx_word' id='word_1_94' title='bbox 1102 1852 1490 1898; x_wconf 85' lang='lat' dir='ltr'><strong>Claromontanus</strong></span> 
     </span>
    </p>
   </div>
   <div class='ocr_carea' id='block_1_8' title="bbox 103 1943 459 1950">
    <p class='ocr_par' dir='ltr' id='par_1_15' title="bbox 103 1943 459 1950">
     <span class='ocr_line' id='line_1_18' title="bbox 103 1943 459 1950; baseline 0 1218"><span class='ocrx_word' id='word_1_95' title='bbox 103 1943 459 1950; x_wconf 95' lang='lat' dir='ltr'><em> </em></span> 
     </span>
    </p>
   </div>
   <div class='ocr_carea' id='block_1_9' title="bbox 101 1998 1798 2359">
    <p class='ocr_par' dir='ltr' id='par_1_16' title="bbox 101 1998 1798 2359">
     <span class='ocr_line' id='line_1_19' title="bbox 223 1998 1798 2059; baseline 0 -16"><span class='ocrx_word' id='word_1_96' title='bbox 223 2005 244 2043; x_wconf 94' lang='lat'>1</span> <span class='ocrx_word' id='word_1_97' title='bbox 280 1998 396 2057; x_wconf 74' lang='grc' dir='ltr'><em>αὕτη</em></span> <span class='ocrx_word' id='word_1_98' title='bbox 429 2000 458 2057; x_wconf 87' lang='grc' dir='ltr'>ἡ</span> <span class='ocrx_word' id='word_1_99' title='bbox 491 1999 648 2057; x_wconf 81' lang='grc' dir='ltr'><em>μελέτη</em></span> <span class='ocrx_word' id='word_1_100' title='bbox 681 1999 786 2046; x_wconf 83' lang='grc' dir='ltr'><em>λίαν</em></span> <span class='ocrx_word' id='word_1_101' title='bbox 819 2003 1024 2058; x_wconf 80' lang='grc' dir='ltr'><em>σπονδῆς</em></span> <span class='ocrx_word' id='word_1_102' title='bbox 1054 1998 1163 2055; x_wconf 83' lang='grc' dir='ltr'><em>ἀξία</em></span> <span class='ocrx_word' id='word_1_103' title='bbox 1203 2002 1281 2045; x_wconf 85' lang='grc' dir='ltr'><em>καὶ</em></span> <span class='ocrx_word' id='word_1_104' title='bbox 1321 1999 1580 2059; x_wconf 81' lang='grc' dir='ltr'><em>ἐπιμελείας</em></span> <span class='ocrx_word' id='word_1_105' title='bbox 1610 2001 1690 2044; x_wconf 81' lang='grc' dir='ltr'><em>καὶ</em></span> <span class='ocrx_word' id='word_1_106' title='bbox 1724 2003 1798 2046; x_wconf 80' lang='grc' dir='ltr'><em>δεῖ</em></span> 
     </span>
     <span class='ocr_line' id='line_1_20' title="bbox 101 2059 1795 2118; baseline 0 -15"><span class='ocrx_word' id='word_1_107' title='bbox 101 2059 183 2103; x_wconf 87' lang='grc' dir='ltr'><em>τὸν</em></span> <span class='ocrx_word' id='word_1_108' title='bbox 215 2060 597 2116; x_wconf 77' lang='grc' dir='ltr'><em>ἀναγινώσκοντα</em></span> <span class='ocrx_word' id='word_1_109' title='bbox 628 2060 801 2118; x_wconf 81' lang='grc' dir='ltr'><em>ταύτην</em></span> <span class='ocrx_word' id='word_1_110' title='bbox 833 2064 960 2118; x_wconf 87' lang='lat' dir='ltr'><strong>(num</strong></span> <span class='ocrx_word' id='word_1_111' title='bbox 992 2061 1206 2118; x_wconf 69' lang='grc' dir='ltr'><em>ταύτηςῖ)</em></span> <span class='ocrx_word' id='word_1_112' title='bbox 1241 2059 1483 2118; x_wconf 81' lang='grc' dir='ltr'><em>συνθήκην</em></span> <span class='ocrx_word' id='word_1_113' title='bbox 1515 2061 1596 2104; x_wconf 80' lang='grc' dir='ltr'><em>καὶ</em></span> <span class='ocrx_word' id='word_1_114' title='bbox 1637 2073 1795 2104; x_wconf 88' lang='grc' dir='ltr'><em>συντο-</em></span> 
     </span>
     <span class='ocr_line' id='line_1_21' title="bbox 104 2115 1795 2179; baseline 0 -17"><span class='ocrx_word' id='word_1_115' title='bbox 104 2115 217 2176; x_wconf 85' lang='grc' dir='ltr'><em>μίαν</em></span> <span class='ocrx_word' id='word_1_116' title='bbox 248 2117 510 2176; x_wconf 79' lang='grc' dir='ltr'><em>θαυμάζειν</em></span> <span class='ocrx_word' id='word_1_117' title='bbox 541 2120 622 2163; x_wconf 68' lang='lat' dir='ltr'><em>noa</em></span> <span class='ocrx_word' id='word_1_118' title='bbox 653 2126 745 2165; x_wconf 84' lang='grc' dir='ltr'><em>τῶν</em></span> <span class='ocrx_word' id='word_1_119' title='bbox 770 2119 1015 2177; x_wconf 85' lang='grc' dir='ltr'><em>νοημάτων</em></span> <span class='ocrx_word' id='word_1_120' title='bbox 1039 2120 1122 2177; x_wconf 84' lang='grc' dir='ltr'><em>τὴν</em></span> <span class='ocrx_word' id='word_1_121' title='bbox 1148 2119 1405 2179; x_wconf 82' lang='grc' dir='ltr'><em>ἀκρίβειαν.</em></span> <span class='ocrx_word' id='word_1_122' title='bbox 1439 2120 1520 2165; x_wconf 82' lang='grc' dir='ltr'><em>καὶ</em></span> <span class='ocrx_word' id='word_1_123' title='bbox 1543 2119 1631 2177; x_wconf 75' lang='grc' dir='ltr'><em>γὰρ</em></span> <span class='ocrx_word' id='word_1_124' title='bbox 1657 2119 1795 2163; x_wconf 82' lang='grc' dir='ltr'><em>αὐτο-</em></span> 
     </span>
     <span class='ocr_line' id='line_1_22' title="bbox 101 2176 1793 2237; baseline -0.001 -15"><span class='ocrx_word' id='word_1_125' title='bbox 101 2176 348 2236; x_wconf 58' lang='grc' dir='ltr'><em>κράτωρςῗ)</em></span> <span class='ocrx_word' id='word_1_126' title='bbox 389 2179 624 2235; x_wconf 71' lang='grc' dir='ltr'><em>(αὐτοκρα’</em></span> <span class='ocrx_word' id='word_1_127' title='bbox 657 2180 776 2236; x_wconf 90' lang='lat' dir='ltr'><strong>cod.)</strong></span> <span class='ocrx_word' id='word_1_128' title='bbox 817 2176 1059 2237; x_wconf 70' lang='grc' dir='ltr'><em>ῥητορικὸς</em></span> <span class='ocrx_word' id='word_1_129' title='bbox 1098 2179 1352 2237; x_wconf 54' lang='lat' dir='ltr'><strong>(Iulianum</strong></span> <span class='ocrx_word' id='word_1_130' title='bbox 1397 2194 1467 2237; x_wconf 86' lang='lat' dir='ltr'><em>ep.</em></span> <span class='ocrx_word' id='word_1_131' title='bbox 1503 2184 1559 2223; x_wconf 90' lang='lat'><em>14</em></span> <span class='ocrx_word' id='word_1_132' title='bbox 1597 2178 1793 2234; x_wconf 82' lang='lat' dir='ltr'><strong>Hertl.?)</strong></span> 
     </span>
     <span class='ocr_line' id='line_1_23' title="bbox 103 2236 1794 2296; baseline 0.001 -16"><span class='ocrx_word' id='word_1_133' title='bbox 103 2238 298 2294; x_wconf 83' lang='grc' dir='ltr'><em>ταυτηνὶ</em></span> <span class='ocrx_word' id='word_1_134' title='bbox 328 2237 411 2294; x_wconf 89' lang='grc' dir='ltr'><em>τὴν</em></span> <span class='ocrx_word' id='word_1_135' title='bbox 443 2236 631 2295; x_wconf 83' lang='grc' dir='ltr'><em>μελέτην</em></span> <span class='ocrx_word' id='word_1_136' title='bbox 664 2238 779 2283; x_wconf 80' lang='grc' dir='ltr'><em>ἰδὼν</em></span> <span class='ocrx_word' id='word_1_137' title='bbox 811 2240 891 2283; x_wconf 85' lang='grc' dir='ltr'><em>καὶ</em></span> <span class='ocrx_word' id='word_1_138' title='bbox 924 2239 948 2283; x_wconf 87' lang='grc' dir='ltr'><strong><em>ὁ</em></strong></span> <span class='ocrx_word' id='word_1_139' title='bbox 982 2237 1337 2296; x_wconf 79' lang='grc' dir='ltr'><em>ῤἠτορικότατος</em></span> <span class='ocrx_word' id='word_1_140' title='bbox 1367 2241 1448 2284; x_wconf 79' lang='grc' dir='ltr'><em>καὶ</em></span> <span class='ocrx_word' id='word_1_141' title='bbox 1478 2241 1682 2296; x_wconf 82' lang='grc' dir='ltr'><em>γλῶτταν</em></span> <span class='ocrx_word' id='word_1_142' title='bbox 1714 2238 1794 2282; x_wconf 79' lang='grc' dir='ltr'><em>καὶ</em></span> 
     </span>
     <span class='ocr_line' id='line_1_24' title="bbox 103 2294 1794 2359; baseline -0.001 -18"><span class='ocrx_word' id='word_1_143' title='bbox 103 2303 218 2341; x_wconf 83' lang='grc' dir='ltr'><em>νοῦν</em></span> <span class='ocrx_word' id='word_1_144' title='bbox 251 2294 488 2348; x_wconf 83' lang='grc' dir='ltr'><em>Βασίλειος</em></span> <span class='ocrx_word' id='word_1_145' title='bbox 519 2297 757 2355; x_wconf 80' lang='grc' dir='ltr'><em>ἐθαύμασε</em></span> <span class='ocrx_word' id='word_1_146' title='bbox 781 2298 855 2355; x_wconf 76' lang='lat' dir='ltr'><strong>(cf,</strong></span> <span class='ocrx_word' id='word_1_147' title='bbox 881 2313 925 2355; x_wconf 89' lang='lat' dir='ltr'><em>p.</em></span> <span class='ocrx_word' id='word_1_148' title='bbox 953 2300 1056 2356; x_wconf 85' lang='lat'>495)</span> <span class='ocrx_word' id='word_1_149' title='bbox 1081 2299 1162 2343; x_wconf 81' lang='grc' dir='ltr'><em>καὶ</em></span> <span class='ocrx_word' id='word_1_150' title='bbox 1185 2301 1335 2359; x_wconf 80' lang='grc' dir='ltr'><em>πολλῷ</em></span> <span class='ocrx_word' id='word_1_151' title='bbox 1360 2315 1411 2356; x_wconf 81' lang='grc' dir='ltr'><em>γε</em></span> <span class='ocrx_word' id='word_1_152' title='bbox 1434 2299 1555 2356; x_wconf 81' lang='grc' dir='ltr'><em>ἡμᾶς</em></span> <span class='ocrx_word' id='word_1_153' title='bbox 1579 2300 1651 2342; x_wconf 81' lang='grc' dir='ltr'><em>δεῖ</em></span> <span class='ocrx_word' id='word_1_154' title='bbox 1673 2300 1794 2341; x_wconf 86' lang='grc' dir='ltr'><em>θαυ-</em></span> 
     </span>
    </p>
   </div>
   <div class='ocr_carea' id='block_1_10' title="bbox 103 2373 1794 2504">
    <p class='ocr_par' dir='ltr' id='par_1_17' title="bbox 103 2373 1794 2504">
     <span class='ocr_line' id='line_1_25' title="bbox 104 2373 1794 2444; baseline 0.001 -16"><span class='ocrx_word' id='word_1_155' title='bbox 104 2384 262 2442; x_wconf 81' lang='grc' dir='ltr'><em>μάζειν</em></span> <span class='ocrx_word' id='word_1_156' title='bbox 305 2386 584 2442; x_wconf 80' lang='grc' dir='ltr'><em>ἀφορῶντας</em></span> <span class='ocrx_word' id='word_1_157' title='bbox 622 2387 834 2443; x_wconf 81' lang='grc' dir='ltr'><em>(ἀφορῶν</em></span> <span class='ocrx_word' id='word_1_158' title='bbox 876 2387 949 2438; x_wconf 77' lang='grc' dir='ltr'><em>τὲς</em></span> <span class='ocrx_word' id='word_1_159' title='bbox 990 2387 1108 2444; x_wconf 89' lang='lat' dir='ltr'><strong>cod.)</strong></span> <span class='ocrx_word' id='word_1_160' title='bbox 1148 2387 1265 2443; x_wconf 84' lang='grc' dir='ltr'><em>πρὸς</em></span> <span class='ocrx_word' id='word_1_161' title='bbox 1301 2387 1437 2444; x_wconf 85' lang='grc' dir='ltr'><em>(πρὸς</em></span> <span class='ocrx_word' id='word_1_162' title='bbox 1466 2373 1526 2432; x_wconf 63' lang='grc' dir='ltr'><em>πε</em></span> <span class='ocrx_word' id='word_1_163' title='bbox 1557 2387 1675 2444; x_wconf 87' lang='lat' dir='ltr'><strong>cod.)</strong></span> <span class='ocrx_word' id='word_1_164' title='bbox 1712 2387 1794 2430; x_wconf 86' lang='grc' dir='ltr'><em>τὸν</em></span> 
     </span>
     <span class='ocr_line' id='line_1_26' title="bbox 103 2442 879 2504; baseline 0.006 -17"><span class='ocrx_word' id='word_1_165' title='bbox 103 2447 242 2488; x_wconf 88' lang='grc' dir='ltr'><em>θεῖον</em></span> <span class='ocrx_word' id='word_1_166' title='bbox 274 2442 518 2490; x_wconf 83' lang='grc' dir='ltr'><em>Βασίλειον</em></span> <span class='ocrx_word' id='word_1_167' title='bbox 548 2445 598 2489; x_wconf 90' lang='lat' dir='ltr'><em>in</em></span> <span class='ocrx_word' id='word_1_168' title='bbox 628 2460 762 2504; x_wconf 82' lang='lat' dir='ltr'><strong>marg</strong></span> <span class='ocrx_word' id='word_1_169' title='bbox 785 2447 879 2492; x_wconf 78' lang='lat' dir='ltr'><em>La⁸</em></span> 
     </span>
    </p>
   </div>
   <div class='ocr_carea' id='block_1_11' title="bbox 169 2538 462 2542">
    <p class='ocr_par' dir='ltr' id='par_1_18' title="bbox 169 2538 462 2542">
     <span class='ocr_line' id='line_1_27' title="bbox 169 2538 462 2542; baseline 0 0"><span class='ocrx_word' id='word_1_170' title='bbox 169 2538 462 2542; x_wconf 95' lang='lat' dir='ltr'><em> </em></span> 
     </span>
    </p>
   </div>
   <div class='ocr_carea' id='block_1_12' title="bbox 106 2590 1797 3004">
    <p class='ocr_par' dir='ltr' id='par_1_19' title="bbox 226 2590 1797 2651">
     <span class='ocr_line' id='line_1_28' title="bbox 226 2590 1797 2651; baseline 0 -15"><span class='ocrx_word' id='word_1_171' title='bbox 226 2596 248 2635; x_wconf 91' lang='lat'>1</span> <span class='ocrx_word' id='word_1_172' title='bbox 277 2590 560 2648; x_wconf 87' lang='grc' dir='ltr'><em>Προθεωρία</em></span> <span class='ocrx_word' id='word_1_173' title='bbox 577 2595 686 2637; x_wconf 83' lang='lat' dir='ltr'><strong>ante</strong></span> <span class='ocrx_word' id='word_1_174' title='bbox 704 2594 940 2646; x_wconf 82' lang='grc' dir='ltr'><em>Δύσκολος</em></span> <span class='ocrx_word' id='word_1_175' title='bbox 999 2594 1180 2651; x_wconf 82' lang='grc' dir='ltr'><em>Μελέτη</em></span> <span class='ocrx_word' id='word_1_176' title='bbox 1204 2594 1521 2651; x_wconf 80' lang='grc' dir='ltr'><em>πραγματική·</em></span> <span class='ocrx_word' id='word_1_177' title='bbox 1546 2594 1657 2637; x_wconf 84' lang='lat' dir='ltr'><strong>Ferr</strong></span> <span class='ocrx_word' id='word_1_178' title='bbox 1673 2592 1797 2638; x_wconf 81' lang='lat' dir='ltr'><strong>Mor&#39;</strong></span> 
     </span>
    </p>

    <p class='ocr_par' dir='ltr' id='par_1_20' title="bbox 108 2649 1796 2712">
     <span class='ocr_line' id='line_1_29' title="bbox 108 2649 1796 2712; baseline 0.002 -19"><span class='ocrx_word' id='word_1_179' title='bbox 108 2649 176 2693; x_wconf 81' lang='lat' dir='ltr'><em>Re</em></span> <span class='ocrx_word' id='word_1_180' title='bbox 237 2650 388 2695; x_wconf 84' lang='lat' dir='ltr'>delevi</span> <span class='ocrx_word' id='word_1_181' title='bbox 451 2651 687 2705; x_wconf 80' lang='grc' dir='ltr'><em>Δύσκολος</em></span> <span class='ocrx_word' id='word_1_182' title='bbox 709 2679 766 2687; x_wconf 92' lang='lat'><em>—-</em></span> <span class='ocrx_word' id='word_1_183' title='bbox 789 2652 1132 2712; x_wconf 77' lang='grc' dir='ltr'><em>προσαγγέλλει]</em></span> <span class='ocrx_word' id='word_1_184' title='bbox 1150 2651 1408 2711; x_wconf 84' lang='grc' dir='ltr'><em>Ἀνωνύμου</em></span> <span class='ocrx_word' id='word_1_185' title='bbox 1432 2652 1551 2697; x_wconf 82' lang='grc' dir='ltr'><em>κατὰ</em></span> <span class='ocrx_word' id='word_1_186' title='bbox 1575 2652 1796 2710; x_wconf 75' lang='grc' dir='ltr'><em>γυναικὸς</em></span> 
     </span>
    </p>

    <p class='ocr_par' dir='ltr' id='par_1_21' title="bbox 106 2709 1796 2770">
     <span class='ocr_line' id='line_1_30' title="bbox 106 2709 1796 2770; baseline 0.001 -18"><span class='ocrx_word' id='word_1_187' title='bbox 106 2711 265 2762; x_wconf 83' lang='grc' dir='ltr'><em>λαλιᾶς</em></span> <span class='ocrx_word' id='word_1_188' title='bbox 295 2710 418 2755; x_wconf 82' lang='grc' dir='ltr'><em>Μοι·1</em></span> <span class='ocrx_word' id='word_1_189' title='bbox 467 2713 474 2767; x_wconf 88' lang='grc'>1</span> <span class='ocrx_word' id='word_1_190' title='bbox 523 2711 663 2756; x_wconf 87' lang='grc' dir='ltr'><em>λάλον</em></span> <span class='ocrx_word' id='word_1_191' title='bbox 694 2711 843 2770; x_wconf 78' lang='grc' dir='ltr'><em>γήμας</em></span> <span class='ocrx_word' id='word_1_192' title='bbox 876 2714 991 2757; x_wconf 86' lang='lat' dir='ltr'><em>VaB</em></span> <span class='ocrx_word' id='word_1_193' title='bbox 1135 2718 1160 2756; x_wconf 88' lang='lat'><strong>3</strong></span> <span class='ocrx_word' id='word_1_194' title='bbox 1194 2709 1324 2758; x_wconf 83' lang='grc' dir='ltr'><em>Ἔδει</em></span> <span class='ocrx_word' id='word_1_195' title='bbox 1348 2740 1403 2746; x_wconf 90' lang='grc'><strong>-</strong></span> <span class='ocrx_word' id='word_1_196' title='bbox 1429 2717 1455 2755; x_wconf 90' lang='grc'>4</span> <span class='ocrx_word' id='word_1_197' title='bbox 1496 2719 1639 2768; x_wconf 77' lang='grc' dir='ltr'><em>γῆμαι</em></span> <span class='ocrx_word' id='word_1_198' title='bbox 1679 2711 1796 2755; x_wconf 88' lang='lat' dir='ltr'><strong>citat</strong></span> 
     </span>
    </p>

    <p class='ocr_par' dir='ltr' id='par_1_22' title="bbox 107 2769 1795 2831">
     <span class='ocr_line' id='line_1_31' title="bbox 107 2769 1795 2831; baseline 0.001 -20"><span class='ocrx_word' id='word_1_199' title='bbox 107 2769 375 2823; x_wconf 80' lang='lat' dir='ltr'><strong>praemissis</strong></span> <span class='ocrx_word' id='word_1_200' title='bbox 407 2770 558 2814; x_wconf 86' lang='lat' dir='ltr'><strong>verbis</strong></span> <span class='ocrx_word' id='word_1_201' title='bbox 589 2770 813 2829; x_wconf 85' lang='grc' dir='ltr'><em>Λιβάνιος</em></span> <span class='ocrx_word' id='word_1_202' title='bbox 843 2773 893 2817; x_wconf 75' lang='grc' dir='ltr'><em>ἐν</em></span> <span class='ocrx_word' id='word_1_203' title='bbox 926 2771 1084 2831; x_wconf 79' lang='grc' dir='ltr'><em>μελέτῃ</em></span> <span class='ocrx_word' id='word_1_204' title='bbox 1115 2778 1171 2830; x_wconf 83' lang='grc' dir='ltr'><em>τῇ</em></span> <span class='ocrx_word' id='word_1_205' title='bbox 1196 2773 1302 2827; x_wconf 84' lang='grc' dir='ltr'><em>περὶ</em></span> <span class='ocrx_word' id='word_1_206' title='bbox 1325 2779 1405 2829; x_wconf 86' lang='grc' dir='ltr'><em>τῆς</em></span> <span class='ocrx_word' id='word_1_207' title='bbox 1428 2771 1568 2830; x_wconf 82' lang='grc' dir='ltr'><em>λάλου</em></span> <span class='ocrx_word' id='word_1_208' title='bbox 1594 2770 1795 2814; x_wconf 89' lang='lat' dir='ltr'><strong>Thomas</strong></span> 
     </span>
    </p>

    <p class='ocr_par' dir='ltr' id='par_1_23' title="bbox 109 2826 1795 2889">
     <span class='ocr_line' id='line_1_32' title="bbox 109 2826 1795 2889; baseline 0.001 -19"><span class='ocrx_word' id='word_1_209' title='bbox 109 2826 334 2885; x_wconf 74' lang='lat' dir='ltr'><strong>Magister</strong></span> <span class='ocrx_word' id='word_1_210' title='bbox 366 2843 399 2873; x_wconf 90' lang='lat' dir='ltr'><em>s.</em></span> <span class='ocrx_word' id='word_1_211' title='bbox 425 2845 465 2872; x_wconf 85' lang='lat' dir='ltr'><em>v.</em></span> <span class='ocrx_word' id='word_1_212' title='bbox 500 2835 657 2887; x_wconf 75' lang='grc' dir='ltr'><em>γῆμαι,</em></span> <span class='ocrx_word' id='word_1_213' title='bbox 682 2831 737 2875; x_wconf 82' lang='grc' dir='ltr'><em>οὐ</em></span> <span class='ocrx_word' id='word_1_214' title='bbox 761 2838 966 2888; x_wconf 75' lang='grc' dir='ltr'><em>γαμῆσαι</em></span> <span class='ocrx_word' id='word_1_215' title='bbox 988 2846 1033 2887; x_wconf 88' lang='lat' dir='ltr'><em>p.</em></span> <span class='ocrx_word' id='word_1_216' title='bbox 1061 2836 1130 2887; x_wconf 82' lang='lat'><em>72,</em></span> <span class='ocrx_word' id='word_1_217' title='bbox 1147 2835 1174 2875; x_wconf 86' lang='lat'>4</span> <span class='ocrx_word' id='word_1_218' title='bbox 1193 2831 1234 2875; x_wconf 84' lang='lat' dir='ltr'>R</span> <span class='ocrx_word' id='word_1_219' title='bbox 1260 2833 1266 2889; x_wconf 85' lang='grc' dir='ltr'>Ι</span> <span class='ocrx_word' id='word_1_220' title='bbox 1294 2830 1435 2887; x_wconf 84' lang='grc' dir='ltr'><em>πρινὴ</em></span> <span class='ocrx_word' id='word_1_221' title='bbox 1461 2831 1536 2875; x_wconf 86' lang='lat' dir='ltr'><strong>La</strong></span> <span class='ocrx_word' id='word_1_222' title='bbox 1656 2835 1684 2874; x_wconf 88' lang='grc'>4</span> <span class='ocrx_word' id='word_1_223' title='bbox 1716 2830 1795 2873; x_wconf 80' lang='grc' dir='ltr'><em>καὶ</em></span> 
     </span>
    </p>

    <p class='ocr_par' dir='ltr' id='par_1_24' title="bbox 109 2886 1797 3004">
     <span class='ocr_line' id='line_1_33' title="bbox 109 2886 1797 2944; baseline 0.002 -15"><span class='ocrx_word' id='word_1_224' title='bbox 109 2887 274 2943; x_wconf 83' lang='lat' dir='ltr'><strong>scripsi</strong></span> <span class='ocrx_word' id='word_1_225' title='bbox 306 2902 330 2931; x_wconf 82' lang='lat' dir='ltr'><strong>c</strong></span> <span class='ocrx_word' id='word_1_226' title='bbox 354 2889 575 2934; x_wconf 83' lang='lat' dir='ltr'><strong>LaViVa</strong></span> <span class='ocrx_word' id='word_1_227' title='bbox 636 2886 664 2944; x_wconf 83' lang='grc' dir='ltr'><strong>ἢ</strong></span> <span class='ocrx_word' id='word_1_228' title='bbox 690 2891 743 2934; x_wconf 92' lang='lat' dir='ltr'><strong><em>H</em></strong></span> <span class='ocrx_word' id='word_1_229' title='bbox 749 2891 882 2936; x_wconf 81' lang='lat' dir='ltr'><em>Vool</em></span> <span class='ocrx_word' id='word_1_230' title='bbox 913 2891 994 2934; x_wconf 85' lang='lat' dir='ltr'><em>sed</em></span> <span class='ocrx_word' id='word_1_231' title='bbox 1033 2889 1081 2933; x_wconf 90' lang='lat' dir='ltr'><em>in</em></span> <span class='ocrx_word' id='word_1_232' title='bbox 1120 2890 1209 2934; x_wconf 91' lang='lat' dir='ltr'><em>hoc</em></span> <span class='ocrx_word' id='word_1_233' title='bbox 1247 2891 1296 2934; x_wconf 89' lang='lat' dir='ltr'><em>in</em></span> <span class='ocrx_word' id='word_1_234' title='bbox 1327 2890 1408 2934; x_wconf 80' lang='grc' dir='ltr'><em>καὶ</em></span> <span class='ocrx_word' id='word_1_235' title='bbox 1439 2903 1540 2934; x_wconf 90' lang='lat' dir='ltr'><strong>corr</strong></span> <span class='ocrx_word' id='word_1_236' title='bbox 1571 2889 1652 2943; x_wconf 84' lang='lat' dir='ltr'><em>m⁴‚</em></span> <span class='ocrx_word' id='word_1_237' title='bbox 1685 2888 1797 2933; x_wconf 84' lang='lat' dir='ltr'><strong>Ferr</strong></span> 
     </span>
     <span class='ocr_line' id='line_1_34' title="bbox 168 2946 641 3004; baseline 0.008 -17"><span class='ocrx_word' id='word_1_238' title='bbox 168 2947 249 2990; x_wconf 79' lang='grc' dir='ltr'><em>καὶ</em></span> <span class='ocrx_word' id='word_1_239' title='bbox 279 2946 340 3004; x_wconf 90' lang='grc' dir='ltr'><em>μὴ</em></span> <span class='ocrx_word' id='word_1_240' title='bbox 366 2949 411 2991; x_wconf 90' lang='grc' dir='ltr'>Β</span> <span class='ocrx_word' id='word_1_241' title='bbox 442 2947 544 2991; x_wconf 89' lang='lat' dir='ltr'><em>Mor</em></span> <span class='ocrx_word' id='word_1_242' title='bbox 575 2947 641 2991; x_wconf 70' lang='lat' dir='ltr'><em>Re</em></span> 
     </span>
    </p>
   </div>
  </div>
 </body>
</html>
