2010 3168
392 127 620 176 MOROSI
650 128 731 175 DE
762 127 968 174 UXORE
999 126 1262 183 LOQUACI
1294 126 1576 184 QUERELA
1704 127 1811 184 527

125 266 295 320 πάλιν
331 267 397 319 τὰ
434 276 547 320 τῶν
578 269 862 335 γειτόνων,
899 265 1004 319 κᾶν
1035 266 1208 336 μηδὲν
1239 269 1318 320 ἔτι
1352 270 1632 336 φαίνηται,
1671 267 1813 320 ὀνεί-

127 375 263 423 ρατα
301 356 569 424 διηγεῖται
607 356 921 409 πλάττουσα
959 354 1201 424 κάκεῖνα,
1241 356 1315 425 μὰ
1355 358 1483 419 τοὺς
1513 357 1701 424 θεούς,
1742 357 1814 419 ὡς

127 444 246 512 ἐμοὶ
293 444 456 497 δοκεῖ.
504 444 571 498 οὐ
620 445 723 515 γὰρ
771 444 1036 498 καθεύδει
1082 464 1166 512 γε,
1218 444 1356 497 ἀλλὰ
1394 443 1484 497 καὶ
1523 445 1556 514 ἡ
1595 443 1695 508 νὺξ
1737 445 1815 507 εἰς

124 536 497 603 νυκτηγορίαν
536 533 673 604 αὐτῇ
713 533 975 596 πολλάκις
1022 535 1507 602 παραναλίσκεται,
1553 533 1658 587 κᾶν
1694 535 1814 601 βια-

126 622 324 674 σθεῖσά
376 641 507 675 ποτε
559 621 931 692 παραδέξηταί
979 642 1032 674 τι
1085 632 1200 684 τοῖς
1254 620 1567 691 ὀφθαλμοῖς
1613 622 1813 691 ὕπνου,

123 711 301 764 πάντα
355 711 492 781 αὐτῇ
541 712 687 780 πλὴν
740 720 834 780 τῆς
888 712 1130 779 γλώττης
1182 715 1494 781 κοιμίζεται,
1549 711 1582 780 ἡ
1638 708 1699 764 δὲ
1752 712 1813 765 τὸ

124 798 292 869 αὑτῆς
330 799 684 869 ἀπεργάζεται
731 798 822 853 καὶ
871 801 1119 868 γίγνεταί
1163 821 1257 869 μοι
1305 799 1653 870 χαλεπωτέρα
1703 809 1815 853 τῶν

125 888 383 958 ἐμπίδων.
1499 903 1502 906 ’

233 978 320 1031 24.
351 977 542 1048 Ὁρᾶτέ
579 999 660 1048 με,
701 976 742 1033 ὦ
782 981 976 1048 βουλή,
1017 980 1396 1048 συντετηκότα.
1435 978 1561 1046 μεθ’
1606 977 1814 1049 ἡμέραν

122 1069 408 1136 κόπτομαι,
438 1070 638 1131 νυκτὸς
669 1069 1079 1138 διαφθείρομαι.
1113 1077 1254 1137 μισῶ
1288 1071 1451 1136 σιτία,
1486 1077 1627 1137 μισῶ
1659 1068 1811 1121 ποτά.

240 1175 268 1212 4
300 1169 436 1212 Rhes.
472 1172 526 1212 19
647 1174 673 1212 5
707 1169 764 1214 of.
796 1172 830 1214 t.
854 1169 918 1214 IV
944 1169 1175 1225 167,25R

241 1262 266 1301 2
289 1255 431 1302 “va
461 1261 578 1316 τεθῇ
610 1258 662 1303 τὸ
694 1257 785 1315 μά,
818 1257 846 1315 ἢ
871 1257 1177 1316 προκειμένην
1202 1261 1321 1316 (corr
1344 1256 1697 1315 προσκειμένην)
1722 1258 1813 1315 ἔχει

122 1317 207 1374 τὴν
239 1316 434 1374 ἄρνησιν
465 1316 493 1373 ἢ
526 1316 798 1375 νοουμένην.
830 1320 910 1363 καὶ
940 1325 1077 1362 τοῦτο
1117 1317 1200 1375 μὲν
1236 1317 1424 1375 εὕρηται
1463 1317 1637 1362 διόλου.
1668 1317 1811 1376 Λιβά-

121 1393 220 1428 νιος
250 1376 301 1421 δὲ
327 1378 538 1422 ἐνταῦθα
563 1376 687 1430 ἅπαξ
712 1377 935 1436 ἐχρήσατο
961 1378 1034 1422 ἐπὶ
1061 1376 1443 1436 συγκαταθέσεως
1465 1376 1628 1435 λέγων·
1662 1374 1811 1421 ὀνεί-

122 1452 264 1490 ρατα
290 1435 635 1494 διηγουμένη
653 1436 799 1494 -μὰ
821 1438 953 1488 τοὺς
975 1437 1169 1488 θεούς·
1203 1437 1284 1481 καὶ
1313 1436 1454 1482 πάλιν
1485 1435 1813 1486 πλειστάκις

121 1493 416 1550 ὠρακίασα
440 1498 572 1552 (corr.
598 1495 868 1553 ὡρακίασα),
892 1496 964 1553 μὰ
994 1497 1091 1541 τὸν
1116 1494 1341 1541 Ἀπόλλω
1367 1498 1442 1554 (=
1458 1511 1503 1554 p.
1523 1500 1698 1552 531‚7)·
1732 1496 1812 1539 καὶ

121 1555 382 1607 Λουκιανὸς
407 1555 457 1600 ἐν
480 1559 544 1615 τῷ
567 1557 674 1611 περὶ
698 1558 1037 1614 διαβολῆς(14)·
1072 1555 1143 1613 μὰ
1168 1553 1272 1612 Δί’,
1305 1554 1570 1613 ἐχλεύασέ
1594 1570 1691 1600 σου
1720 1558 1811 1600 Φι-

121 1611 350 1667 λόξενος
387 1614 452 1659 τὰ
493 1615 582 1672 ἔτη
617 1617 747 1672 (corr.
781 1616 908 1672 ἔπη),
945 1614 1059 1660 ὅταν
1090 1616 1175 1672 μὲν
1212 1613 1264 1660 τὸ
1297 1618 1429 1672 (corr.
1462 1613 1634 1672 μέντοι)
1666 1630 1811 1671 προη-

121 1673 349 1729 γούμενον
382 1674 461 1733 ἔχῃ
492 1672 544 1719 τὸ
577 1685 693 1730 ναῖ,
723 1674 810 1732 τὴν
849 1675 981 1733 ἰσχὺν
1011 1675 1203 1720 ἅπασαν
1237 1675 1329 1733 ἔχει
1358 1675 1410 1719 τὸ
1442 1680 1541 1720 νᾶ·
1587 1673 1813 1724 Συνέσιος

122 1731 172 1776 ἐν
198 1733 523 1792 ἐπιστολῇ(91)·
551 1734 642 1779 ναὶ
669 1733 741 1791 μὰ
771 1735 902 1785 τοὺς
931 1733 1153 1791 λόγους,
1185 1734 1330 1791 τάμὰ
1361 1734 1453 1778 καὶ
1481 1733 1547 1778 σὰ
1570 1733 1811 1778 παιδικά

121 1793 167 1836 Β
192 1795 265 1849 (=
289 1792 440 1837 Thom
470 1793 572 1836 Ml.
598 1793 647 1851 1.)

241 1888 262 1925 1
312 1895 422 1926 voce
462 1881 601 1926 πάλιν
645 1882 726 1926 des
761 1883 820 1927 Or
861 1882 927 1927 fol
959 1887 1036 1926 41¹·
1108 1896 1228 1939 quas
1267 1885 1526 1939 sequuntur
1563 1896 1709 1938 usque
1749 1882 1810 1926 ad

120 1956 164 1998 p.
191 1946 291 1996 541,
312 1946 333 1984 1
360 1941 506 1998 ἄστρα
534 1943 703 1987 desunt
729 1945 736 2001 Ι
763 1940 854 1987 κᾶν
878 1968 933 1974 -
960 1947 986 1986 2
1012 1946 1239 2000 διηγεῖται
1269 1942 1319 1986 in
1342 1942 1415 1986 lac
1441 1941 1532 1987 Va'
1558 1944 1565 1997 Ι
1594 1939 1810 1996 ὀνείρατα

120 2026 176 2032 -
202 2007 227 2043 2
256 2001 401 2053 θεούς
429 2002 698 2058 praemissis
728 2001 882 2046 verbis
914 2000 1026 2046 ὅταν
1057 2005 1175 2060 τεθῇ
1205 2002 1259 2046 τὸ
1292 2001 1384 2058 μά,
1415 2000 1444 2057 ἢ
1475 2001 1810 2058 προσκειμένην

120 2059 211 2117 ἔχει
250 2060 334 2117 τὴν
373 2060 568 2117 ἄρνησιν
607 2059 634 2117 ἢ
675 2060 949 2117 νοουμένην.
993 2062 1072 2105 καὶ
1111 2068 1246 2106 τοῦτο
1286 2061 1370 2119 μὲν
1409 2059 1598 2117 εὓρηται
1636 2058 1827 2114 διόλου,

120 2118 342 2177 Λιβάνιος
372 2119 423 2163 δὲ
456 2119 581 2173 ἅπαξ
613 2119 836 2177 ἐχρήσατο
876 2121 953 2165 ἐπὶ
992 2119 1373 2177 συγκαταθέσεως
1412 2121 1461 2165 ἐν
1499 2127 1554 2178 τῇ
1593 2120 1700 2174 περὶ
1729 2125 1811 2175 τῆς

118 2179 258 2222 λα’λου
302 2179 525 2235 γυναικὸς
565 2179 724 2238 μελέτῃ
768 2179 910 2236 λέγων
954 2180 1071 2223 citat
1109 2180 1309 2224 Thomas
1356 2179 1480 2237 Mag.
1520 2194 1565 2235 p.
1600 2178 1810 2234 241‚3R

239 2243 264 2281 2
299 2237 578 2295 διηγουμένη
611 2238 760 2283 Thom
791 2238 934 2283 schol.
967 2239 1102 2283 Barb.
1133 2244 1138 2295 Ι
1177 2238 1371 2283 κακείνα
1395 2240 1471 2284 La
1498 2244 1504 2292 Ι
1532 2237 1594 2294 μὰ
1624 2238 1733 2289 τοὺς
1758 2239 1811 2283 ol

120 2296 201 2340 sed
233 2310 258 2340 e
291 2299 454 2353 μετοὺς
485 2311 587 2342 con·
616 2299 686 2341 m⁴
747 2298 804 2354 νὴ
836 2298 977 2342 Wolf.
1012 2299 1124 2342 Ferr
1153 2299 1220 2343 Re
1365 2302 1390 2342 3
1425 2298 1575 2354 ἔμοιγε
1608 2297 1710 2341 Mor
1741 2296 1807 2340 Re

123 2356 128 2414 i
164 2358 322 2401 δοκεῖν
355 2357 425 2400 Va
474 2359 481 2413 Ι
523 2372 574 2413 γε
606 2371 681 2401 om
706 2357 900 2403 HVGCz
931 2357 1042 2402 Fen·
1090 2360 1096 2414 Ι
1147 2359 1264 2415 αὐτῇ
1286 2357 1516 2410 ,πολλάκις
1548 2357 1614 2406 εἰς
1644 2373 1808 2412 νυκτη-

118 2412 284 2472 γορίαν
309 2417 355 2460 Β
475 2420 503 2458 4
526 2415 810 2474 κατηγορίαν
847 2418 901 2462 Vi
927 2419 933 2472 Ι
961 2417 1104 2474 αὐτῆς
1127 2418 1228 2462 HV
1244 2418 1356 2461 Fert
1382 2424 1388 2473 Ι
1415 2413 1809 2471 παραναλίσκεται

119 2475 283 2531 scripsi
307 2489 362 2518 ex
378 2476 436 2519 H
441 2476 589 2520 VCLa
602 2475 660 2519 Vi
672 2476 794 2521 Vaoz
854 2475 1148 2521 ἀναλίσκεται
1165 2478 1211 2521 Β
1235 2476 1336 2520 Mor
1352 2476 1419 2519 Re
1479 2473 1809 2530 παραλίσκεται

118 2533 228 2577 Fsrr
348 2539 374 2577 5
406 2549 517 2579 ποτε
548 2535 673 2578 inser
704 2535 796 2579 Va²
830 2537 836 2591 Ι
870 2552 914 2579 τι
944 2536 993 2578 in
1024 2550 1098 2580 ras
1132 2536 1223 2581 Va²
1283 2550 1360 2579 om
1384 2536 1441 2579 H
1447 2534 1524 2579 VC
1555 2537 1561 2590 Ι
1597 2532 1748 2578 ὕπνον
1775 2534 1812 2578 0

118 2593 230 2636 Fen·
374 2597 396 2636 7
439 2595 583 2650 αὐτῆς
611 2594 721 2638 libri
751 2595 843 2639 edd
892 2598 899 2652 Ι
948 2594 1183 2653 ἐργάζεται
1207 2595 1284 2639 La
1296 2596 1351 2638 Vi
1363 2594 1534 2638 VaBoz
1564 2593 1665 2636 Mor
1695 2593 1762 2636 Re
1798 2593 1804 2651 Ι

117 2650 297 2709 γίνεταί
331 2653 505 2698 VaBGl
535 2652 625 2696 edd
652 2655 660 2710 Ι
686 2654 766 2698 καὶ
797 2656 907 2698 ante
936 2661 1029 2699 τῶν
1053 2655 1098 2697 Β
1130 2654 1232 2698 Mor
1262 2655 1330 2698 Re
1451 2657 1478 2696 8
1511 2650 1709 2696 ἐλπίδων
1732 2651 1807 2695 La

119 2711 201 2755 sed
232 2728 265 2768 μ
296 2726 436 2768 supra
467 2715 491 2756 λ
520 2726 556 2766 s,
591 2713 648 2757 Vi
782 2717 807 2757 9
840 2712 1137 2769 ἐπιτετηκότα
1172 2714 1242 2758 Va
1302 2710 1575 2768 ἐκτετηκότα
1607 2711 1709 2754 Μοι·
1738 2710 1806 2754 Re

123 2770 128 2828 1
163 2770 347 2827 signum
378 2771 757 2829 interrogationis
787 2775 895 2828 post
926 2773 1233 2829 συντετηκότα
1260 2773 1354 2817 HG
1379 2771 1497 2829 Ferrr
1517 2770 1628 2827 wig
1655 2772 1661 2823 Ι
1688 2767 1801 2826 μεθ’

117 2828 294 2886 ἡμέραν
324 2830 592 2886 praemissis
623 2830 775 2874 verbis
805 2831 1090 2890 λαμβάνεται
1122 2831 1225 2875 ἀντὶ
1257 2838 1339 2874 τοῦ
1371 2829 1491 2874 κατὰ
1526 2830 1607 2874 τὸν
1639 2829 1806 2883 καιρὸν

117 2895 198 2945 τῆς
221 2887 394 2944 ἡμέρας
417 2889 534 2933 citat
548 2889 636 2933 lex.
655 2891 850 2947 August.
869 2891 939 2934 ed.
961 2890 1196 2934 Hermann
1223 2891 1280 2934 de
1305 2889 1483 2933 emend.
1501 2891 1587 2932 rat.
1607 2901 1802 2944 gramm.

119 2960 269 3004 graec.
304 2963 348 3005 p.
375 2953 474 3003 341,
498 2953 577 2992 147
646 2993 655 2999 ,

1838 1091 1880 1123 10
