2010 3168
147 1078 190 1110 10

147 1521 190 1554 16

148 1966 192 1998 20

149 2407 192 2440 25

217 104 288 157 56
805 102 1094 149 GREGORII
1126 103 1329 148 CYPRII

214 238 306 293 καὶ
376 236 518 293 εἶναι
581 240 682 310 μὲν
743 241 949 308 ταύτην
1010 240 1198 302 αὐτοῖς
1259 243 1590 308 φιλοτιμιῶν
1653 242 1754 308 ’τὴν
1815 261 1904 309 με·

215 330 433 398 γίστην,
488 328 677 398 ἀρκεῖν
730 329 793 382 δὲ
853 327 944 381 καὶ
1008 326 1129 381 ἀντὶ
1184 330 1408 381 πάντων
1470 322 1553 392 οἷς
1614 330 1904 399 ἄνθρωποι

214 417 352 486 μέγα
406 425 684 487 φρονοῦσι
744 419 846 486 τὴν
907 419 1248 487 μητρόπολιν
1302 419 1606 486 Κόρινθον.
1677 417 1725 470 8.
1781 416 1897 471 ἀλλ’

216 508 267 559 εἰ
317 503 420 576 μὲν
474 506 534 560 ἐν
588 507 789 559 ἅπαντι
842 514 916 578 τῷ
973 507 1153 578 χρόνῳ
1210 505 1471 571 διέσωζον
1524 507 1750 575 ταυτηνὶ
1791 510 1904 559 Ho-

214 596 489 648 τιδαιᾶται
535 596 638 663 τὴν
683 595 933 663 γνώμην,
989 589 1098 663 εἶχε
1152 593 1253 663 μὲν
1307 594 1376 647 ἂν
1423 603 1586 649 τοῦτο
1633 594 1789 658 κλέος
1837 595 1905 648 οὐ

214 685 412 753 μικρὸν
450 687 810 752 Κορινθίοις,
865 679 974 752 εἶχε
1030 681 1091 736 δὲ
1145 681 1235 736 καὶ
1277 685 1672 747 Ποτιδαιάταις
1718 684 1906 747 αὐτοῖς

215 771 299 825 ἐπ’
369 773 764 843 εὐγνωμοσύνῃ
835 773 900 825 οὐ
971 774 1142 841 μεῖόν,
1194 793 1246 825 τι
1315 772 1586 842 καύχημα·
1652 771 1781 826 νυνὶ
1844 772 1906 825 δὲ

215 860 533 931 στέρξαντες
588 861 675 915 ἐπὶ
736 863 959 931 χρόνοις
1014 861 1081 914 οὐ
1138 870 1361 930 συχνοῖς
1414 862 1475 914 τὸ
1539 859 1714 931 ῥηθὲν
1776 861 1905 928 ἀγα-

213 960 392 1003 πῶσιν
446 951 517 1013 ὡς
570 950 797 1020 τάχιστα
851 952 953 1019 τὴν
999 952 1308 1019 μεταβολὴν
1362 950 1448 1004 καὶ
1505 953 1636 1014 τοὺς
1690 951 1906 1018 λάβρως

215 1038 509 1102 ἐσθίοντας
546 1040 914 1108 μιμησάμενοι
962 1040 1039 1101 εἰς
1086 1038 1285 1107 ἀηδίαν
1331 1041 1392 1093 τὸ
1439 1042 1745 1108 παραυτίκα
1794 1038 1906 1092 ε’νέ-

213 1142 385 1182 πεσον
424 1128 516 1182 καὶ
550 1127 881 1197 ἀφίστανται
912 1128 1014 1196 μὲν
1046 1131 1391 1199 Κορινθίων,
1431 1128 1811 1196 ἀποπέμπουσι
1845 1124 1906 1181 δὲ

214 1215 305 1270 καὶ
344 1220 476 1280 τοὺς
515 1218 892 1286 δημιουργοὺς
929 1216 1056 1286 μεθ’
1102 1213 1180 1270 ὧν
1218 1214 1356 1285 ἧκον
1388 1214 1603 1287 ἔχοντες
1634 1233 1905 1286 προσταγ-

213 1307 425 1375 μάτων,
474 1306 848 1359 ἀπελαύνουσι
897 1307 957 1359 δὲ
1003 1307 1093 1359 καὶ
1140 1309 1270 1369 τοὺς
1318 1308 1520 1369 ἄλλους
1560 1309 1619 1359 οἳ
1652 1315 1906 1375 παρῆσαν

214 1394 273 1448 ἐκ
329 1398 791 1464 Πελοποννήσου,
845 1396 934 1448 καὶ
989 1394 1117 1448 καθ’
1179 1395 1409 1458 ἑαυτοὺς
1463 1397 1749 1465 γενόμενοι
1805 1396 1907 1448 οὐκ

214 1482 366 1538 ἔστιν
398 1484 590 1537 ὅντινα
622 1485 712 1537 καὶ
744 1486 1051 1554 προσίεντο.
1095 1484 1141 1536 9.
1175 1485 1264 1537 καὶ
1297 1484 1441 1548 ὅπως
1474 1485 1540 1537 οὐ
1579 1493 1906 1555 παραχρῆμα

214 1576 335 1627 τότε
367 1572 399 1641 ἢ
433 1574 780 1643 μεθύστερον
811 1571 1059 1636 ἐπιόντες
1086 1576 1385 1642 Κορίνθιοι
1418 1573 1450 1642 ἢ
1482 1572 1707 1627 ἔπεισαν
1738 1570 1906 1636 αὖθις

213 1662 352 1731 πρὸς
399 1662 601 1724 αὐτοὺς
647 1661 992 1731 μεταθέσθαι
1032 1661 1064 1731 ἢ
1105 1664 1177 1732 μὴ
1225 1662 1555 1726 πεισθέντας
1602 1662 1906 1732 ἀπώλεσαν,

215 1749 344 1804 οὔθ’
380 1750 534 1819 ἡμεῖς
575 1754 769 1820 ἔχομεν
802 1750 983 1819 λέγειν
1014 1750 1130 1804 οὔτ’
1168 1752 1330 1804 αὐτοί
1358 1766 1530 1820 φασιν
1562 1754 1722 1820 ἔχειν.
1762 1754 1905 1821 πλὴν

215 1839 388 1903 οὕτως
429 1838 828 1910 ἀπορραγέντες
865 1838 954 1894 ἐπὶ
993 1843 1219 1903 πολλοῖς
1257 1850 1372 1903 τοῖς
1410 1840 1646 1909 ὕστερον
1684 1843 1906 1909 χρόνοις

215 1925 449 1996 ἔβλεπον
487 1930 625 1999 πρὸς
664 1928 913 1997 οὐδένας,
954 1935 1086 1992 ἴσως
1125 1930 1208 1982 ὅτι
1247 1939 1359 1982 τῶν
1389 1926 1599 1993 ἔξωθεν
1638 1927 1905 1998 ἕθραττεν

217 2018 385 2071 οὐδὲν
424 2018 677 2086 οὐδαμῶς
716 2016 1103 2086 ἐπιτιθέμενον
1142 2017 1175 2085 ἢ
1207 2017 1297 2071 καὶ
1329 2018 1536 2085 βιάζου,
1577 2019 1713 2071 ὥστε
1751 2019 1906 2081 τινὰς

215 2107 485 2160 ὑπελθεῖν
544 2116 655 2158 τῶν
715 2109 1046 2173 κρειττόνων
1107 2108 1196 2160 καὶ
1257 2105 1384 2175 παρ’
1453 2104 1679 2159 ἐκείνων
1743 2108 1905 2175 ἰσχὺν

216 2195 541 2263 λαμβάνειν,
596 2200 652 2247 εἴ
698 2215 750 2248 τι
804 2194 893 2248 καὶ
948 2197 1322 2266 παραλυποίη,
1381 2194 1682 2264 ἀποσοβεῖν
1737 2197 1904 2248 δύνα-

217 2288 366 2336 σθαι.
426 2283 509 2336 10.
555 2282 647 2336 καὶ
693 2292 865 2337 ταῦτα
910 2281 1012 2351 μὲν
1058 2283 1160 2347 ἕως
1206 2285 1359 2337 οὔπω
1407 2283 1497 2337 καὶ
1537 2285 1754 2346 τούτοις
1793 2281 1905 2337 ἔδει

216 2377 515 2440 κινηθῆναι
568 2373 634 2424 τὰ
687 2374 1000 2441 πράγματα,
1057 2371 1172 2426 ἐπεὶ
1213 2371 1257 2425 δ’
1323 2372 1553 2441 ἐκινήθη
1608 2372 1697 2425 καὶ
1754 2372 1904 2426 ἀντέ-

216 2475 346 2513 πεσε
407 2458 532 2530 παρ’
603 2458 795 2513 ἐλπίδα
856 2459 947 2514 καὶ
1009 2462 1185 2529 ἥψατο
1247 2460 1336 2513 καὶ
1398 2463 1572 2514 τῶνδε
1632 2463 1903 2530 μεταβολὴ

218 2549 399 2616 ὥσπερ
445 2549 667 2602 πάντων
705 2557 816 2601 τῶν
864 2549 1254 2617 ἀνθρωπείων,
1300 2547 1390 2601 καὶ
1439 2550 1657 2617 ἰσχυροὶ
1701 2547 1804 2618 μὲν
1849 2550 1908 2602 οἶ

216 2638 398 2706 κύκλῳ
458 2640 690 2707 Θρᾷκες,
753 2637 950 2705 ἥττους
1012 2634 1071 2690 δὲ
1135 2633 1288 2689 οὗτοι
1346 2638 1759 2706 προσδοκῶντες
1812 2636 1902 2690 καὶ

335 2815 361 2852 4
387 2809 436 2854 ἐν
469 2810 634 2866 scripsi
659 2825 682 2853 e
707 2811 806 2854 LV
860 2807 939 2866 ἐφ’
968 2809 1106 2853 Sohm
1229 2815 1283 2854 10
1307 2827 1358 2854 το
1383 2809 1648 2865 παραυτίκα
1667 2811 1708 2852 V
1736 2811 1816 2855 sed
1842 2828 1902 2854 αυ

215 2869 265 2912 in
295 2882 372 2912 ras
402 2868 471 2911 m²
593 2874 645 2913 11
680 2869 731 2913 δὲ
755 2869 929 2912 inserui
955 2882 979 2912 e
1003 2870 1099 2913 LV
1157 2883 1231 2913 om
1250 2869 1387 2913 Schm
1510 2874 1565 2912 27
1591 2868 1904 2925 ἀνθρωπείων

217 2927 381 2984 scripsi
414 2941 438 2970 e
463 2928 561 2971 LV
622 2926 941 2983 ἀνθρωπίνων
975 2927 1109 2971 Sehm
1256 2933 1310 2971 28
1343 2929 1421 2972 καὶ
1454 2928 1732 2972 cancellavit
1764 2929 1902 2972 Schm
