2010 3168
228 115 336 167 376
657 114 882 159 LIBANII
914 115 1301 161 DECLAMATIO
1333 116 1481 160 XXIII

212 256 312 304 θαι
350 252 631 304 Φιλίππου
672 247 808 327 μηδὲ
849 250 1112 304 ἀπολέσαι
1151 271 1216 320 με
1256 259 1380 320 νῦν,
1421 252 1510 305 ὅτε
1546 251 1670 321 μηδ’
1711 253 1898 325 ἐκείνῳ

210 347 373 393 τοῦτο
406 337 601 393 ἔσεσθε
633 339 1015 410 κεχαρισμένοι
1047 348 1352 403 ποιοῦντες.
1389 341 1438 394 4.
1465 340 1682 411 ἀπόρως
1710 340 1759 394 δ’
1789 339 1899 411 ἔχει

209 449 304 497 μοι
342 427 433 481 καὶ
472 430 538 482 τὰ
569 437 680 481 τῶν
710 420 1002 499 παριόντων
1045 431 1226 495 λόγων
1267 430 1359 482 διὰ
1398 430 1495 483 τὸν
1527 430 1897 499 συκοφάντην.

209 519 287 580 εἰς
325 514 426 584 μὲν
465 518 569 587 γὰρ
609 519 741 581 τοὺς
778 515 908 586 περὶ,
943 525 1038 586 τῆς
1081 520 1359 580 πολιτείας
1406 519 1608 586 λόγους
1648 518 1898 587 ἐμβαλὼν

164 626 182 660 5
207 610 429 659 πολλῶν
477 605 713 677 ἀκαίρως
758 607 1125 675 μνημονεύειν
1174 605 1686 676 ἀναγκασθήσομαι,
1740 608 1788 660 εἰ
1835 607 1897 660 δὲ

206 703 367 749 τοῦτο
401 696 638 763 ὀκνήσας
670 696 1029 764 σιωπήσομαι,
1055 698 1372 763 παραλείψω
1405 703 1574 749 ταῦτα
1602 693 1688 765 ἐφ’
1722 688 1803 759 οἷς
1827 691 1896 763 ἦν

204 784 295 838 καὶ
320 783 486 838 πάλαι
511 804 604 851 μοι
628 791 949 838 πεπαῦσθαι
979 786 1164 838 καλόν.
1199 783 1272 847 ὡς
1305 780 1409 838 οὖν
1442 779 1563 838 οἷόν
1593 804 1664 853 τε,
1688 783 1896 853 μηδένα

205 877 395 927 λυπῶν
439 893 501 942 γε
546 874 875 943 πειράσομαι
922 881 1085 927 τοῦτο
1136 883 1332 927 ποιεῖν.
1387 875 1436 927 εἰ
1491 871 1550 927 δὲ
1604 875 1790 942 χεῖρόν
1842 893 1895 926 τι

116 966 237 1012 RIV
254 972 339 1011 282
386 970 486 1015 τοῦ
526 981 656 1015 ποτε
696 965 983 1032 συνήθους
1016 964 1252 1032 φανείην
1289 962 1501 1034 ἐμαυτῷ
1537 963 1543 1032 Ι
1578 961 1772 1030 λέγων,
1812 950 1900 1015 δεῖ

139 1072 181 1104 ιο
203 1071 296 1118 μοι
336 1052 671 1120 συγγνώμην
709 1049 869 1121 ἔχειν.
910 1055 1119 1105 πολλοῦ
1159 1052 1264 1122 γὰρ
1306 1054 1509 1121 χρόνου
1551 1060 1753 1104 σιωπῶ.

315 1140 362 1193 5.
402 1142 694 1208 Εἰσῆλθον
726 1142 803 1203 εἰς
843 1142 943 1210 τὴν
981 1142 1264 1194 πολιτείαν
1307 1139 1422 1210 μετ’
1467 1141 1764 1209 Εὔβουλον
1802 1138 1893 1193 καὶ

203 1234 605 1299 Ἀριστοφῶντα
653 1228 744 1283 καὶ
791 1232 922 1292 τοὺς
972 1230 1402 1298 εὐδοκιμοῦντας
1455 1231 1575 1282 τότε
1630 1234 1736 1282 εἴτε
1791 1227 1894 1282 ὑπ’

202 1317 421 1381 εὐνοίας
458 1326 553 1387 τῆς
599 1319 738 1389 πρὸς
785 1320 886 1387 τὴν
931 1321 1096 1372 πόλιν
1143 1324 1250 1372 εἴτε
1297 1319 1403 1372 ὑπὸ
1451 1320 1763 1389 περιεργίας
1801 1316 1893 1371 καὶ

202 1410 515 1476 φιλοτιμίας
547 1406 902 1471 ἀναπεισθείς
934 1428 1102 1476 τινος,
1135 1410 1183 1461 εἰ
1215 1409 1286 1477 μὴ
1318 1409 1522 1475 μανίαν
1553 1408 1654 1478 χρὴ
1687 1412 1891 1460 καλεῖν.

136 1518 176 1550 15
201 1497 250 1549 εἰ
308 1495 374 1548 δέ
417 1516 499 1559 τις
551 1495 641 1549 καὶ
695 1506 806 1550 τῶν
864 1495 1181 1567 ἔμπροσθεν
1237 1496 1739 1565 πεπολιτευμένων,
1800 1495 1890 1550 καὶ

201 1583 305 1653 ε’γὼ
347 1586 645 1655 δυστυχής,
692 1585 752 1649 ὃς
797 1589 1018 1640 πολλῶν
1067 1587 1247 1639 ὄντων
1295 1587 1384 1639 καὶ
1425 1588 1682 1656 φοβερῶν
1719 1604 1890 1654 παρα-

200 1674 508 1743 δειγμάτων
546 1683 640 1744 τῆς
681 1674 920 1743 ἀκράτου
958 1676 1094 1745 πρὸς
1135 1675 1234 1728 τὸν
1273 1675 1451 1744 δῆμον
1490 1675 1708 1738 εὐνοίας
1747 1675 1890 1744 ὅμως

199 1763 410 1816 ἅπαντα
449 1764 698 1831 παριδὼν
737 1763 1145 1834 ἐθρασυνάμην,
1187 1764 1287 1834 οὐχ
1320 1764 1421 1817 ὅσα
1461 1773 1576 1827 τοῖς
1607 1767 1888 1818 πολιτευο-

198 1850 385 1919 μένοις
425 1857 628 1905 εἰ’ωθεν
677 1851 953 1921 ἐνοχλεῖν,
999 1852 1235 1920 ὑποψία,
1278 1855 1456 1921 ζῆλος,
1497 1853 1729 1921 φθόνος,
1770 1853 1887 1906 δια-

318 2016 372 2055 10
405 2011 462 2056 cf.
495 2013 527 2056 t.
554 2013 596 2056 V
620 2017 721 2068 386,
742 2017 795 2057 10
920 2018 971 2057 11
1004 2012 1134 2058 Dem.
1163 2027 1252 2057 cor.
1277 2028 1322 2069 p.
1349 2017 1543 2068 281‚18;
1576 2012 1687 2057 Mid.
1713 2027 1757 2069 p.
1785 2017 1885 2070 580,

197 2075 252 2114 24
270 2086 336 2127 sq.
363 2073 411 2115 et
435 2071 577 2116 schol.
612 2073 673 2115 ad
704 2088 749 2130 p.
776 2076 877 2127 584,
897 2077 950 2116 14
1074 2078 1128 2116 13
1162 2073 1219 2116 cf.
1252 2088 1295 2129 p.
1324 2076 1422 2126 311,
1444 2077 1495 2115 11

318 2225 340 2263 1
375 2219 435 2276 μὴ
469 2218 520 2264 δὲ
545 2221 643 2264 ΗΡ
702 2219 762 2276 μὴ
795 2218 839 2263 δ’
880 2221 1095 2266 VaBPar
1122 2222 1128 2276 Ι
1156 2219 1215 2276 μὴ
1249 2217 1295 2265 δ’
1326 2220 1602 2264 HVaBPar
1722 2224 1746 2262 2
1782 2235 1883 2263 ποι-

195 2285 354 2329 οῦντες
385 2278 558 2322 inserui
590 2292 645 2323 ex
670 2281 772 2324 HV
830 2293 906 2323 om
937 2280 1295 2324 VaBParMaP
1324 2279 1415 2323 edd
1450 2280 1455 2337 Ι
1492 2276 1542 2323 δὲ
1575 2279 1665 2322 edd
1693 2279 1699 2334 Ι
1735 2278 1883 2335 ἔχοιμι

195 2338 249 2380 H
255 2338 395 2381 VPar
515 2342 541 2381 4
573 2345 653 2394 τῆς
678 2352 752 2382 om
784 2339 827 2382 V
943 2342 968 2381 6
1003 2337 1224 2394 ὀκνήσασι
1257 2340 1372 2383 VaB
1495 2343 1518 2381 7
1552 2334 1652 2382 οἶόν
1676 2339 1722 2382 Β
1784 2334 1883 2389 οἷός

192 2396 261 2440 Re
403 2400 430 2440 8
474 2397 530 2441 οὐ
555 2398 606 2441 H
617 2398 660 2441 V
797 2402 821 2440 9
870 2413 1005 2454 „nove
1045 2413 1109 2442 an
1146 2397 1248 2442 τότε
1278 2403 1496 2454 praestet,
1529 2397 1732 2453 ambi90“
1767 2396 1835 2440 Re
1868 2396 1877 2464 Ι

193 2456 380 2515 ἐμαυτῷ
414 2455 580 2511 scripsi
643 2456 841 2513 ἐμαυτοῦ
875 2456 983 2500 libri
1016 2456 1107 2500 cdd
1140 2457 1220 2500 sed
1256 2457 1336 2500 καὶ
1369 2456 1744 2512 anteponendum
1777 2469 1880 2499 coni

192 2514 260 2557 Re
293 2514 352 2558 cf.
385 2530 428 2570 p.
457 2519 542 2558 370
574 2517 669 2559 not.
694 2521 722 2558 4
869 2520 922 2559 10
955 2516 1224 2573 συγγνώμης
1247 2517 1292 2560 Β
1437 2521 1488 2559 11
1522 2515 1605 2571 τὴν
1637 2528 1713 2558 om
1737 2515 1841 2558 HV
1869 2514 1876 2574 Ι

191 2571 327 2618 πόλιν
353 2575 570 2618 VaBPar
597 2575 603 2629 Ι
630 2571 733 2630 μήτ’
766 2575 864 2619 Par
986 2579 1039 2617 12
1072 2574 1392 2630 ἀριστοφάντα
1417 2576 1474 2619 H
1479 2574 1548 2632 Vl
1576 2573 1685 2617 ποτὲ
1709 2575 1755 2617 Ρ
1779 2573 1880 2616 Mor

195 2632 200 2690 Ι
236 2633 327 2677 ὑπὸ
352 2634 410 2677 H
526 2637 579 2676 13
613 2632 803 2678 εὔνοιαν
823 2635 891 2690 Vl
919 2633 1002 2690 τὴν
1027 2647 1102 2677 om
1122 2636 1209 2678 Ma
1332 2638 1385 2677 15
1418 2632 1551 2683 ἄλλος
1574 2633 1680 2688 post
1707 2632 1783 2675 καὶ
1807 2632 1876 2675 in-

192 2692 436 2735 serendum
469 2691 574 2735 coni
605 2692 672 2735 Re
750 2690 928 2750 βέλτιον
969 2693 1047 2736 καὶ
1085 2700 1177 2737 τῶν
1209 2692 1357 2737 ἄλλων
1394 2693 1443 2735 in
1474 2705 1608 2749 marg
1631 2690 1695 2735 P³
1743 2693 1749 2747 Ι
1801 2691 1876 2746 ἔμ-

191 2754 370 2806 προσθε
395 2752 495 2796 ΗΡ
522 2750 612 2794 edd
757 2756 811 2794 16
852 2748 902 2802 ὃς
941 2751 1106 2808 scripsi
1147 2753 1334 2796 auctore
1367 2751 1433 2795 Re
1509 2751 1571 2801 ὡς
1600 2749 1709 2793 libri
1741 2750 1831 2793 edd
1867 2749 1871 2809 Ι

192 2808 336 2860 ὄντως
365 2810 466 2854 Mor
504 2812 510 2866 Ι
549 2812 860 2866 φανερῶνΜα
983 2815 1033 2853 17
1071 2808 1192 2860 ὅπως
1217 2811 1272 2854 Η
1389 2815 1443 2854 18
1474 2806 1876 2864 πεπολιτευμένοις

191 2870 289 2912 Par
425 2873 477 2912 19
511 2869 715 2942 ἐνοχλεῖν
747 2868 911 2925 scripsi
943 2883 968 2913 e
1001 2871 1115 2915 VaB
1146 2871 1200 2913 ut
1231 2869 1336 2914 coni
1367 2869 1433 2912 Re
1503 2868 1651 2925 ὀχλεῐν
1676 2869 1733 2912 H
1740 2868 1875 2912 VPar

193 2928 327 2971 MaP
355 2928 444 2971 edd
473 2930 479 2984 Ι
507 2931 691 2984 φθονος
722 2929 852 2984 ζῆλος
878 2930 967 2972 Μα
