2010 3168
209 110 318 163 466
645 108 873 153 LIBANII
902 107 1294 153 DEGLAMATIO
1325 108 1454 153 XXV

320 250 380 297 In
426 250 710 299 universum
755 250 835 298 hic
881 266 1076 313 quoque
1123 250 1260 313 prior
1306 251 1502 299 familia
1549 251 1758 299 alteram
1803 249 1899 300 fide

211 327 424 386 superat.

321 398 621 447 Macarius
691 393 1266 465 Chrysooephalus1)
1329 415 1413 448 sex
1471 399 1604 448 locos
1661 399 1900 461 laudavit,

210 473 497 521 Maximus
536 468 834 521 Planudes
881 474 934 520 in
981 473 1178 521 scholiis
1226 473 1290 520 ad
1329 473 1511 535 Aesopi
1550 473 1745 522 fabulas
1786 488 1899 521 con-

211 548 407 609 scriptis
438 563 595 595 unum
627 551 697 614 (p.
723 547 846 609 484,
868 541 974 614 11).

320 621 628 670 Declamatio
659 623 711 669 in
742 622 903 669 lucem
933 623 1188 684 protracta
1220 615 1347 689 est2)
1382 637 1510 670 anno
1539 623 1679 669 1517
1707 637 1737 669 a
1761 621 1899 669 Sote-

210 696 349 744 riano
369 694 567 758 Capsali
592 695 857 744 editione
873 696 1251 744 Ferrariensi
1269 688 1516 762 (=Ferr)
1534 696 1616 744 fol.
1638 697 1899 745 59Ῑ--66γ

211 787 235 818 e
261 769 427 819 codice
452 770 911 819 Wolfenbuttelano
923 763 981 837 3).
1029 769 1177 818 Cuius
1209 773 1372 819 textus
1397 770 1608 817 formam
1633 769 1899 818 admodum

208 845 495 892 mendosam
524 846 695 906 paucis
726 844 848 893 locis
875 862 899 892 e
925 844 1089 893 codice
1115 844 1334 893 familiae
1361 845 1564 893 alterius
1590 861 1738 907 quem
1761 844 1898 892 Pari-

210 919 372 966 sinum
418 935 488 983 gr.
529 920 671 967 3014
719 919 873 967 fuisse
924 913 1190 985 conicias4)
1239 919 1470 967 correctis
1516 918 1724 967 retinuit
1769 918 1897 967 Fed.

209 993 498 1041 Morellus
530 993 638 1041 Lib.
671 1009 783 1056 opp.
814 995 850 1044 t.
875 993 900 1041 I
930 1011 977 1055 p.
1006 994 1297 1042 569—584
1330 986 1425 1059 (=
1449 987 1595 1059 Mor).

320 1067 503 1115 Multos
544 1068 677 1116 locos
717 1083 829 1116 cum
871 1084 963 1130 ope
1009 1068 1452 1116 Wolfenbuttelani
1491 1067 1672 1116 codicis
1719 1066 1899 1129 prioris

209 1142 428 1190 familiae
459 1144 568 1189 tum
599 1158 658 1188 ex
687 1142 887 1205 ingenio
920 1142 1202 1190 emendavit
1233 1142 1517 1190 Reiskius
1549 1135 1646 1207 (=
1671 1135 1781 1207 Re),
1814 1141 1899 1189 sed

210 1216 289 1264 hic
321 1232 515 1278 quoque
555 1232 678 1264 uxor
717 1217 820 1266 eius
861 1233 987 1279 quae
1020 1217 1286 1265 editionem
1318 1210 1377 1282 (t.
1402 1215 1477 1263 IV
1506 1232 1553 1277 p.
1581 1209 1897 1280 430—446)

210 1292 404 1339 curavit
455 1292 647 1338 textum
678 1290 1023 1339 Morellianum
1068 1292 1281 1339 retinere
1328 1306 1478 1353 quam
1527 1291 1683 1338 certas
1731 1289 1901 1337 mariti

209 1364 573 1414 emendationes
604 1381 840 1428 reponere
871 1366 1064 1414 maluit.

319 1438 483 1488 Pauca
516 1439 580 1486 ad
608 1441 804 1487 textum
842 1439 1188 1503 corrigendum
1227 1439 1543 1488 contulenmt
1573 1437 1660 1486 Fr.
1694 1437 1899 1485 Iacob-

210 1514 333 1562 sius
367 1509 697 1562 ‘Lectionum'
735 1507 935 1581 libr05),
981 1513 1418 1562 Boissonadius
1466 1511 1630 1561 codice
1673 1511 1898 1560 Parisino

209 1605 278 1652 gr.
307 1590 446 1637 3017
475 1582 767 1655 adhibitoss),
795 1587 1076 1650 Cobetus,
1107 1589 1254 1651 plura
1277 1588 1337 1637 A.
1371 1579 1632 1652 Gasda7).

329 1746 370 1802 1)
404 1743 471 1788 Cf.
503 1745 536 1788 t.
561 1745 583 1788 Ι
612 1760 656 1801 p.
684 1748 767 1787 351
788 1759 854 1801 sq.
885 1744 929 1789 V
959 1760 1003 1801 p.
1031 1749 1129 1787 302.

328 1806 371 1860 2)
405 1803 519 1847 Cum
551 1818 672 1847 anno
707 1808 820 1847 1526
852 1804 1045 1848 Ioannes
1077 1803 1157 1847 ille
1189 1802 1467 1847 Holbeinius
1505 1802 1658 1846 minor
1687 1801 1900 1846 Basileae

209 1862 539 1920 Magdalenam
580 1862 956 1920 Offenburgiam,
1004 1878 1122 1919 quae
1170 1877 1261 1906 non
1307 1862 1455 1906 solum
1499 1861 1706 1905 animum
1753 1861 1898 1917 ipsius

210 1935 357 1977 aeque
390 1924 529 1978 atque
562 1922 668 1966 Ursi
701 1921 826 1966 Grafi
857 1925 1045 1979 ceperat
1077 1923 1158 1966 sed
1191 1922 1332 1966 etiam
1368 1921 1607 1977 marsupia
1644 1920 1898 1964 iuventutis

208 1981 488 2025 Basileensis
521 1982 835 2036 exenterabat‚
871 1983 1047 2027 ‘Laida
1082 1982 1438 2027 Corinthiaeam’
1471 1980 1707 2037 pingeret,
1742 1980 1898 2023 utrum

211 2040 391 2096 aliquid
424 2041 480 2085 de
512 2041 696 2084 Libanii
728 2041 1068 2086 declamatione
1090 2055 1174 2097 per
1197 2040 1440 2084 Erasmum
1464 2039 1535 2083 vel
1561 2040 1754 2083 Beatum
1780 2039 1899 2082 Rhe-

210 2115 382 2143 nanum
415 2100 488 2158 (cf.
521 2100 763 2157 Voegelin,
795 2101 1034 2158 Repertor.
1067 2101 1108 2143 X
1134 2104 1217 2143 345
1237 2101 1322 2156 sq.)
1362 2099 1562 2153 noverit,
1594 2098 1644 2141 in
1676 2098 1895 2155 ambiguo

210 2159 436 2214 relinquo.
492 2159 610 2203 Sane
635 2159 719 2203 illa
744 2160 961 2205 similiter
983 2162 1125 2215 atque
1149 2159 1409 2203 Libaniana
1433 2159 1493 2216 (p.
1512 2161 1680 2212 471‚10
1704 2155 1897 2201 πλείονα

210 2217 560 2275 προκαλουμένη
585 2226 676 2264 τῶν
701 2219 946 2277 χρημάτων
968 2219 1052 2275 τὴν
1078 2217 1208 2264 δόσιν
1227 2245 1283 2251 -
1306 2218 1415 2269 τοὺς
1438 2215 1720 2271 ἀντεραστὰς
1745 2214 1898 2272 ἐρεθί-

211 2280 349 2330 ζουσα
381 2280 712 2335 διαμιλλᾶσθαι
742 2277 858 2334 πρὸς
890 2277 1109 2333 ἀλλήλους
1138 2285 1240 2328 ταῖς
1270 2278 1482 2333 δωρεαῖς)
1508 2277 1719 2320 dextram
1749 2275 1898 2331 porri-

211 2337 302 2393 git,
342 2338 395 2380 ut
434 2339 677 2394 argentum
718 2338 921 2394 accipiat
961 2338 1123 2394 copiae
1162 2337 1257 2381 iam
1294 2336 1422 2379 haud
1459 2348 1630 2392 parvae
1662 2335 1893 2388 additura,

212 2396 292 2439 sed
331 2395 457 2440 idem
496 2396 612 2439 dicit
643 2396 819 2441 Gellius
851 2398 1000 2453 18‚3‚
1037 2410 1060 2441 e
1101 2410 1191 2452 quo
1231 2396 1459 2452 pictorem
1498 2394 1707 2438 hausisse
1747 2393 1895 2437 multo

210 2454 509 2499 verisimilius
543 2457 625 2500 est.

331 2515 374 2571 3)
407 2513 473 2558 Cf.
506 2516 539 2558 t.
564 2515 586 2558 I
617 2530 660 2571 p.
690 2519 757 2559 75.

330 2575 374 2630 4)
408 2572 472 2618 Of.
505 2575 538 2617 t.
563 2573 606 2617 H
636 2589 682 2630 p.
709 2578 807 2619 380.
870 2573 1113 2618 Lectiones
1154 2573 1308 2617 varias
1350 2586 1463 2629 quas
1500 2570 1720 2615 Morellus
1763 2584 1897 2627 prae-

211 2633 352 2676 misso
384 2650 438 2690 γρ
463 2632 513 2675 in
535 2633 745 2689 margine
776 2633 938 2677 attulit
967 2633 1105 2677 modo
1129 2631 1267 2676 huius
1300 2632 1473 2676 codicis
1506 2630 1643 2674 modo
1678 2629 1896 2674 editionis

213 2691 515 2736 Ferrariensis
548 2694 667 2735 sunt.

331 2753 374 2807 5)
408 2749 474 2795 Cf.
507 2752 539 2794 t.
564 2751 586 2794 I
615 2766 660 2807 p.
688 2755 763 2804 773
796 2751 838 2795 V
866 2767 909 2808 p.
939 2756 1036 2796 198.
1218 2753 1260 2807 6)
1294 2750 1360 2795 Cf.
1386 2753 1419 2795 t.
1444 2750 1465 2793 Ι
1487 2765 1532 2806 p.
1561 2754 1627 2794 78.

334 2814 376 2865 7)
408 2808 474 2854 Cf.
508 2811 541 2854 t.
569 2810 608 2854 V
638 2826 683 2867 p.
712 2815 809 2854 198.
