2010 3168
550 129 883 175 INVECTIVA
913 129 979 173 IN
1010 128 1363 173 AESCHINEM
1695 129 1800 182 193

102 267 227 339 παρ’
282 269 450 335 ὑμῶν.
512 265 602 319 καὶ
651 273 759 318 νῦν
805 266 872 318 οὐ
919 272 1083 318 τοῦτο
1131 262 1249 317 ἔστι
1295 267 1558 333 χαλεπόν,
1606 266 1673 318 τὰ
1710 265 1802 332 μέ-

106 371 266 425 γιστα
325 355 416 409 ὑπ’
473 356 747 423 Αἰσχίνου
801 353 974 418 δεῖξαι
1020 352 1408 422 βεβλαμμένην
1461 354 1564 422 τὴν
1617 356 1801 421 πόλιν,

105 444 226 500 ἀλλ’
267 445 408 514 ὑμᾶς
439 452 624 497 πεῖσαι
654 451 882 511 μισῆσαι
913 443 1043 504 τοὺς
1074 440 1204 494 καθ’
1242 442 1398 509 ὑμῶν
1428 453 1544 505 τοῖς
1576 441 1802 511 ἐχθροῖς

106 535 527 603 ὑπηρετοῦντας.
592 531 620 584 ὃ
674 533 805 593 τοὺς
858 533 1100 593 πολλοὺς
1152 539 1266 583 τῶν
1322 529 1648 599 δυναμένων
1709 538 1799 591 καὶ

103 624 418 692 γράφεσθαι
467 619 474 691 Ι
518 619 610 673 καὶ
651 619 952 688 διελέγχειν
991 619 1178 672 ὀκνεῖν
1215 627 1376 672 ποιεῖ.
1425 619 1473 671 3.
1514 619 1618 688 ἐγὼ
1665 624 1886 668 3111397

101 710 162 765 δὲ
199 712 506 781 βουλοίμην
543 710 644 778 μὲν
684 708 754 761 ἂν
792 709 932 777 ὑμᾶς
972 707 1205 776 ἀλγῆσαι
1244 718 1360 771 τοῖς
1392 707 1797 778 πεπραγμένοις
1845 731 1864 762 e

103 799 192 854 καὶ
231 801 459 869 γνώμην
499 795 646 868 ἔχειν
686 798 812 850 οἵαν
850 798 996 860 εἰκὸς
1033 799 1165 860 τοὺς
1211 797 1276 849 τὰ
1322 805 1549 851 τοιαῦτα
1596 815 1797 850 πεπον-

100 891 291 952 θότας·
332 889 381 941 εἰ
422 886 470 940 δ’
518 883 622 940 οὖν
659 887 767 939 ὑπὸ
807 893 906 938 τοῦ
938 886 1116 939 πολλὰ
1155 884 1401 953 ἐνεγκεῖν
1440 885 1796 953 ἀδικούμενοι

99 979 189 1032 καὶ
241 986 405 1031 τοῦτο
469 984 668 1044 οἴσετε,
700 974 853 1028 ’ἀλλ’
911 973 1096 1043 ἔμοιγε
1158 977 1308 1028 ἔσται
1371 977 1437 1029 τὰ
1490 976 1627 1044 πρὸς
1696 976 1798 1043 τὴν

98 1069 263 1121 πόλιν
302 1068 487 1119 δίκαια
524 1063 934 1134 πεφυλαγμένα.
972 1063 1065 1118 καὶ
1104 1065 1273 1118 πάλιν
1309 1066 1595 1133 γενήσεται
1628 1083 1795 1133 φανε-
1823 1087 1863 1119 ιο

100 1157 203 1225 ρὸν
241 1156 313 1218 ὡς
353 1155 381 1208 ὁ
420 1153 523 1222 μὲν
561 1155 904 1224 παραδιδοὺς
943 1155 1120 1222 κρίσει
1168 1154 1267 1207 τὸν
1313 1151 1798 1223 πεπονηρευμένον

100 1244 302 1313 ἐφάνη,
355 1252 419 1314 τῇ
476 1240 537 1296 δὲ
582 1252 695 1295 τῶν
749 1244 1085 1307 δικαζόντων
1136 1242 1405 1312 ὀλιγωρίᾳ
1457 1243 1519 1295 τὸ
1574 1249 1797 1311 πρᾶγμα

101 1334 396 1403 διεφθάρη.

211 1423 261 1474 4.
301 1423 372 1474 Εἰ
411 1419 513 1491 μὲν
553 1418 657 1475 οὖν
694 1419 757 1474 ἐν
795 1429 859 1491 τῇ
899 1423 1107 1491 πυλαίᾳ
1147 1418 1478 1488 συνέβαινεν
1518 1415 1660 1472 εἶναι
1696 1420 1798 1487 τὴν

98 1518 387 1581 παροῦσαν
433 1509 702 1578 ἐξέτασιν,
750 1510 852 1563 οὐκ
899 1508 969 1562 ἂν
1007 1504 1148 1577 <ἧν>
1188 1507 1241 1572 ἐξ
1291 1513 1416 1561 ἴσου
1464 1510 1628 1576 λόγος
1676 1507 1798 1576 ἐμοί
1820 1529 1862 1562 15

99 1620 155 1653 τε
201 1600 290 1652 καὶ
342 1600 519 1670 τούτῳ
575 1601 856 1652 Φιλίππου
903 1617 961 1651 τε
1016 1597 1140 1651 ἀντὶ
1194 1596 1431 1650 Φωκέων
1482 1597 1798 1662 δικάζοντος

98 1688 190 1742 καὶ
251 1699 363 1741 τῶν
434 1687 648 1741 ἐκείνου
711 1689 1047 1758 δορυφόρων
1100 1688 1559 1756 περιεστηκότων,
1624 1687 1797 1754 δῆλον

102 1779 207 1847 γὰρ
249 1778 332 1831 ὅτι
370 1786 488 1840 τοῖς
525 1774 626 1846 μὲν
665 1778 940 1845 Αἰσχίνου
981 1777 1167 1844 λόγοις
1212 1773 1303 1828 καὶ
1354 1772 1528 1844 μηδὲν
1572 1777 1796 1844 ἔχουσιν

105 1867 336 1935 ἰσχυρὸν
373 1865 620 1935 ὑπῆρχεν
670 1865 740 1918 ἂν
786 1865 1128 1934 εὐδοκιμεῖν,
1183 1862 1304 1934 ἐμοὶ
1344 1863 1406 1916 δὲ
1443 1861 1534 1916 καὶ
1573 1864 1810 1916 πάντων·

106 1957 425 2008 δικαιότατα
481 1954 701 2023 λέγοντι
753 1956 1106 2023 πανταχόθεν
1159 1953 1373 2022 ἀπήντα
1425 1951 1495 2005 ἂν
1547 1955 1795 2022 θόρυβος
1819 1975 1861 2005 20

97 2042 188 2096 καὶ
235 2045 409 2106 πολὺς
462 2042 658 2111 γέλως,
707 2045 758 2095 εἰ
800 2042 938 2111 μηδὲ
982 2050 1251 2095 τοσοῦτον
1301 2042 1596 2110 ἠδυνήθην
1648 2043 1791 2093 ἰδεῖν

220 2179 243 2217 1
268 2191 325 2218 τοι
344 2175 432 2219 Μα
554 2179 579 2217 2
605 2171 686 2218 ὑπ’
716 2173 881 2230 scripsi
941 2173 1035 2218 ὑπὸ
1059 2172 1169 2216 libri
1193 2173 1284 2216 edd
1311 2174 1319 2228 Ι
1346 2169 1666 2230 βεβλαμμένην
1699 2172 1790 2215 ὑπὸ

98 2231 312 2290 αἰσχίνου
352 2234 502 2286 δεῖξαι
526 2233 670 2278 ΗΜα
814 2238 839 2277 3
878 2233 986 2284 τοὺς
1022 2232 1211 2288 reposui
1244 2246 1268 2276 e
1303 2231 1435 2275 libris
1476 2245 1582 2275 cum
1614 2229 1790 2275 Cobeto

101 2291 201 2337 Coll
227 2297 309 2335 271
388 2292 444 2336 τὰ
475 2292 578 2335 Mor
651 2292 760 2343 τοὺς
781 2291 840 2335 τὰ
864 2292 931 2335 Re
963 2292 1044 2346 qui
1076 2290 1264 2348 μέγιστα
1301 2291 1568 2334 addendum
1609 2290 1715 2334 coni

100 2352 208 2402 τοὺς
238 2351 395 2396 πάντα
426 2351 588 2395 Iacobs
617 2351 731 2395 Lech
763 2356 847 2395 212
887 2351 987 2395 Rev
1015 2355 1102 2394 426
1247 2355 1272 2393 6
1313 2348 1373 2394 ἂν
1406 2364 1481 2394 om
1503 2349 1561 2392 H
1676 2353 1702 2392 8
1734 2349 1791 2392 τὰ

101 2412 212 2454 ante
242 2410 390 2454 πολλὰ
416 2413 505 2455 Μα
626 2414 651 2452 9
683 2417 819 2454 τοῦτο
852 2410 1019 2466 scripsi
1050 2424 1107 2453 ex
1127 2409 1367 2454 AthHMa
1426 2405 1554 2452 τοῦτ’
1583 2409 1628 2452 Ρ
1656 2408 1746 2451 edd
1782 2408 1786 2460 ᾇ

103 2468 243 2514 εἴσετε
262 2470 348 2513 Μα
473 2474 525 2512 11
560 2469 643 2525 μὲν
673 2469 850 2514 inserui
882 2483 937 2513 ex
962 2470 1203 2514 AthHMa
1262 2483 1338 2513 om
1364 2469 1410 2512 P
1437 2467 1528 2511 edd
1555 2469 1562 2524 Ι
1589 2469 1790 2521 παραδι-

101 2529 215 2579 δοὺς
245 2529 410 2585 scripsi
449 2542 506 2573 ex
528 2529 674 2581 ΗΜα
748 2529 993 2583 παραδοὺς
1015 2528 1158 2572 AthP
1190 2528 1281 2571 edd
1329 2530 1336 2584 Ι
1385 2524 1791 2582 πεπονηρευμένον

102 2587 269 2642 scripsi
292 2602 347 2631 cx
360 2587 600 2632 AthHMa
659 2585 1049 2644 πεπολιτευμένον
1065 2588 1112 2631 Ρ
1132 2587 1214 2631 sed
1238 2604 1293 2643 γρ
1316 2584 1724 2642 πεπονηρευμένον
1740 2585 1790 2627 in

102 2660 248 2702 marg,
280 2647 371 2690 edd
403 2647 485 2690 sed
515 2663 570 2702 γρ
603 2645 1011 2703 πεπονηρευμένον
1045 2646 1094 2689 in
1125 2659 1260 2703 marg
1290 2645 1392 2689 Mor
1421 2645 1552 2701 (‚,Ex
1574 2645 1635 2688 al.
1664 2645 1711 2690 C.
1739 2645 1787 2689 V.

103 2705 198 2749 iud
223 2707 532 2759 facinorosum
558 2706 755 2762 virum“)
780 2707 828 2749 ef,
858 2711 969 2760 „aut
999 2719 1020 2748 e
1051 2706 1257 2762 maryi‘ne
1290 2705 1410 2748 Mor.
1438 2704 1789 2761 praeferendum

98 2769 165 2808 est
187 2763 610 2821 πεπονηρευμένον,
640 2770 724 2808 aut
754 2765 833 2822 leq.
864 2764 947 2808 τὸν
978 2771 1132 2814 κακῶς
1155 2761 1572 2818 πεπολιτευμένο’ν“
1603 2763 1671 2805 Re

0 2859 8 2878 ἲ
104 2827 159 2865 15
184 2817 242 2878 ἦν
265 2822 440 2866 inserui
501 2837 576 2866 om
598 2822 710 2866 libri
735 2823 827 2866 edd
853 2826 860 2880 Ι
888 2820 1038 2876 ἐξίσου
1056 2823 1285 2867 AthPMa
1308 2822 1410 2867 Mor
1531 2825 1586 2864 20
1611 2819 1789 2865 δικαιό-

0 2881 5 2951 ξ
101 2897 244 2926 τατον
268 2882 452 2926 AthMa
482 2881 585 2925 Mor
615 2882 696 2925 sed
718 2881 768 2924 in
799 2882 887 2926 hoc
918 2899 973 2939 γρ
1005 2879 1279 2926 δικαιότατα
1312 2881 1361 2924 in
1391 2895 1525 2938 marg
1558 2881 1564 2938 Ι
1602 2879 1787 2923 ἅπαντα

103 2939 206 2984 Mor
236 2940 360 2996 quod
389 2954 490 2984 corr
511 2940 580 2983 Re
699 2945 753 2983 21
788 2940 847 2996 μὴ
874 2937 925 2984 δὲ
953 2942 1040 2984 Ma
1102 2941 1153 2985 δὲ
1186 2940 1245 2996 μὴ
1271 2941 1326 2984 Η
1348 2944 1354 2994 1
1382 2938 1622 3002 ἐδυνήθην
1646 2938 1788 2981 ΗΜα

194 3022 389 3054 ΙιιΒΑΝτσε
413 3022 470 3054 ed.
487 3022 725 3054 Foerster.
748 3022 816 3055 VI.
1380 3017 1433 3054 13
