2010 3168
839 414 952 469 XV.
1029 415 1172 469 XVI.

270 539 664 587 Declamationes
703 539 971 600 inscriptae
1013 538 1214 602 Νόμος
1261 542 1441 587 καλοῦ
1488 539 1623 604 βίου
1669 538 1841 605 γέρας

158 607 366 679 simol)
384 611 479 661 καὶ
505 610 950 676 ἀμφισβητοῦσι
974 611 1118 678 πρὸς
1143 610 1431 675 ἀλλήλους
1449 611 1719 675 Κέφαλος
1744 613 1842 664 καὶ
1866 655 1868 657 ,

152 680 204 734 'A
214 705 241 751 ρ
252 706 269 735 ι
280 701 374 735 στο
387 706 423 748 φ
435 693 472 735 ῶ
483 705 512 734 ν
522 725 534 749 ,
573 687 753 749 quibus
788 686 1032 749 Cephalus
1067 686 1364 749 Colyttensis
1376 681 1418 750 ²)
1452 690 1501 735 et
1538 687 1844 751 Aristophon

156 761 442 809 Azeniensis
460 761 518 809 de
542 761 746 809 virtutis
763 762 982 823 praemio
999 761 1196 823 publice
1218 762 1313 810 sibi
1337 762 1498 811 dando
1516 763 1775 826 ambigunt
1785 756 1843 829 3),

278 920 319 974 1)
351 917 478 961 Talis
510 917 629 974 legis
661 932 801 974 quam
823 932 1031 973 unquam
1062 917 1205 961 fuisse
1230 917 1424 961 Athenis
1449 917 1649 962 Cobetus
1672 918 1841 962 Mnem.

156 976 210 1020 N.
246 975 288 1019 S.
329 977 391 1020 III
433 982 484 1020 16
533 978 722 1034 negavit
767 978 942 1021 mentio
988 977 1042 1020 fit
1088 978 1213 1033 apud
1260 977 1557 1022 Aristotelem
1603 978 1695 1034 pol.
1735 978 1777 1021 Π
1816 982 1842 1021 8

155 1051 199 1092 p.
228 1040 356 1090 1268,
375 1040 399 1079 6
434 1038 581 1081 ἐτίθει
613 1036 664 1080 δὲ
691 1034 1010 1111 ςΙππόδαμος)
1042 1034 1187 1094 νόμον
1217 1038 1324 1093 περὶ
1354 1045 1447 1082 τῶν
1472 1037 1776 1093 εὑρισκοντων
1799 1054 1843 1080 τι

154 1102 209 1153 τῇ
241 1094 372 1140 πόλει
403 1094 653 1152 συμφέρον,
689 1094 812 1147 ὅπως
842 1095 1100 1153 τυγχάνωσι
1131 1102 1285 1152 τιμῆς,
1326 1097 1407 1140 καὶ
1444 1104 1542 1148 τοῖς
1579 1097 1711 1140 παισὶ
1750 1103 1842 1140 τῶν

157 1154 207 1198 ἐν
237 1158 300 1213 τῷ
331 1154 511 1214 πολέμῳ
543 1158 855 1200 τελευτώντων
886 1157 935 1200 ἐκ
959 1154 1185 1212 δημοσίου
1209 1154 1424 1212 γίνεσθαι
1456 1155 1540 1212 τὴν
1563 1156 1756 1213 τροφήν,
1782 1156 1842 1207 ὡς

156 1200 284 1258 οὔπω
315 1221 452 1259 τοῦτο
484 1212 599 1269 παρ’
637 1215 790 1266 ἄλλοις
821 1214 1270 1272 νενομοθετημένον
1315 1216 1406 1260 ἔστι
1438 1215 1490 1260 δὲ
1520 1216 1600 1259 καὶ
1633 1215 1682 1260 ἐν
1715 1214 1841 1270 Αθή-

155 1290 259 1324 ναις
291 1270 426 1326 οὗτος
458 1273 481 1318 ὁ
515 1273 656 1329 νόμος
687 1282 775 1319 νῦν
807 1275 888 1318 καὶ
920 1275 969 1318 ἐν
1003 1274 1177 1330 ἑτέραις
1207 1282 1299 1319 τῶν
1330 1274 1522 1319 πόλεων.

275 1336 317 1390 2)
352 1333 514 1378 Cobeti
547 1334 732 1390 (Mnem.
766 1333 823 1377 N.
850 1333 891 1377 S.
917 1333 982 1376 I[I
1007 1339 1060 1377 12
1079 1336 1164 1390 sq)
1197 1335 1255 1378 de
1287 1334 1469 1378 duobus
1502 1333 1718 1390 Cephalis
1744 1334 1843 1391 opi-

155 1392 340 1436 nionem
371 1393 730 1449 improbandam
761 1407 860 1437 esse
892 1393 1004 1436 olim
1036 1394 1206 1450 (Herm.
1232 1393 1274 1436 X
1301 1398 1353 1436 16
1373 1398 1458 1449 sq.)
1491 1393 1628 1437 docui
1661 1397 1707 1438 et
1738 1407 1843 1437 cum

154 1451 409 1495 Kirchnero
436 1452 640 1509 (Prosop
663 1454 756 1497 Att.
776 1468 808 1496 s
829 1468 867 1496 v.
887 1450 1120 1509 Κέφαλος)
1145 1456 1192 1496 et
1215 1452 1397 1496 Millero
1421 1453 1609 1510 (Pauly-
1619 1453 1842 1497 Wissowa

156 1526 188 1554 s.
214 1526 255 1554 v.
282 1509 576 1569 Ἀριστοφῶν)
608 1515 757 1557 teneo.
792 1512 814 1555 ὁ
847 1512 1046 1563 παλαιὸς
1079 1513 1267 1566 ἐκεῖνος,
1294 1513 1476 1568 priscus
1507 1513 1594 1567 ille,
1629 1512 1843 1555 similiter

156 1570 330 1614 dictum
358 1573 509 1615 exstat
533 1572 658 1628 apud
683 1572 930 1615 Libanium
953 1573 985 1615 t.
1005 1571 1067 1614 III
1091 1587 1134 1628 p.
1155 1576 1255 1623 416
1274 1576 1299 1614 6
1318 1572 1359 1615 Β,
1383 1573 1454 1628 (=
1472 1572 1595 1615 infra
1618 1587 1661 1629 p.
1682 1574 1840 1628 218,1)

153 1637 244 1673 τῶν
283 1634 495 1675 παλαιῶν
529 1629 718 1675 ἐκείνων
760 1630 924 1687 λόγους
966 1633 1013 1682 et
1055 1632 1348 1675 Athenaeum
1385 1631 1448 1675 HI
1478 1646 1523 1687 p.
1552 1631 1690 1675 125B
1722 1633 1841 1675 κατὰ

153 1689 236 1733 τὸν
270 1690 451 1746 Σάμιον
483 1690 680 1747 ποιητὴν
703 1688 848 1734 Ἄσιον
879 1691 960 1734 τὸν
991 1691 1193 1734 παλαιὸν
1226 1690 1418 1735 ἐκεῖνον.

274 1752 318 1805 3)
350 1750 691 1821 Argumentum
715 1752 954 1806 sumptum
979 1752 1048 1793 est
1074 1763 1098 1793 e
1123 1749 1225 1794 loco
1249 1749 1492 1794 Aeschinis
1518 1765 1554 1795 c.
1575 1749 1692 1793 Ctes.
1712 1754 1736 1802 g
1757 1754 1840 1793 194

155 1806 346 1881 ἐτόλμα
345 1805 391 1851 δ’
414 1809 463 1853 ἐν
487 1809 595 1866 ὑμῖν
619 1825 731 1853 ποτε
756 1808 1067 1865 σεμνύνεσθαι
1086 1806 1358 1864 Ἀριστοφῶν
1384 1809 1601 1860 ἐκεῖνος
1582 1826 1605 1852 ο
1623 1807 1842 1864 Αζηνιεὺς

154 1865 346 1941 λέγων
330 1867 400 1911 ότι
431 1868 616 1943 γραφὰς
646 1868 932 1925 παρανόμων
963 1867 1195 1926 πέφευγεν
1227 1868 1543 1943 ἑβδομήκοντα
1576 1869 1654 1912 καὶ
1689 1866 1838 1912 πέντε.

155 1924 255 1969 ἀλλ’
292 1927 393 1984 οὐχὶ
426 1927 449 1971 ὁ
483 1927 700 1983 Κέφαλος
732 1927 755 1971 ὁ
788 1927 986 1979 παλαιὸς
1016 1929 1193 1980 ἐκεῖνος
1224 1927 1247 1971 ὁ
1282 1931 1434 1973 δοκῶν
1474 1929 1840 1985 δημοτικώτατος

154 1985 394 2042 γεγονέναι
428 1988 510 2044 οὐχ
542 1987 701 2042 ούτως,
725 1984 825 2031 ἀλλ’
861 1987 936 2031 ἐπὶ
971 1994 1068 2038 τοῖς
1100 1985 1329 2039 ἐναντίοις
1361 1988 1664 2044 ἐφιλοτιμεῖτο
1698 1985 1840 2043 λέγων

155 2061 223 2088 οτι
241 2048 427 2090 πλεῖστα
443 2047 633 2091 πάντων
650 2047 892 2103 γεγραφὼς
908 2044 1187 2103 ψηφίσματα
1205 2045 1429 2103 οὐδεμίαν
1453 2048 1636 2091 πώποτε
1653 2046 1839 2103 γραφὴν

154 2102 357 2161 πέφευγε
373 2104 674 2161 παρανόμων,
690 2108 852 2159 καλῶς,
878 2102 1019 2162 οἶμαι,
1039 2104 1374 2162 σεμνυνόμενος
1392 2121 1528 2161 quem
1546 2105 1840 2163 impugnant

154 2162 489 2209 Demosthenes
522 2166 579 2209 de
604 2179 693 2209 cor.
719 2169 744 2218 ξ
770 2170 853 2208 251
887 2180 931 2221 p.
952 2169 1051 2219 310,
1070 2170 1122 2207 27
1144 2179 1210 2220 sq
1257 2165 1345 2208 Sed
1371 2166 1610 2220 utriusque
1642 2165 1838 2208 rhetoris

154 2222 211 2266 de
242 2224 450 2279 praemio
483 2227 716 2268 certamen
748 2224 909 2268 fictum
941 2227 1011 2267 est
1035 2224 1106 2267 vel
1131 2238 1158 2267 a
1181 2225 1363 2268 rhetore
1393 2225 1656 2280 antiquiore
1681 2223 1753 2267 vel
1777 2224 1836 2266 ab

153 2281 253 2336 ipso
280 2282 488 2338 Libanio‚
515 2283 553 2326 si
584 2283 624 2327 is
656 2296 818 2327 revera
849 2283 940 2326 fuit
972 2285 1133 2327 auctor
1165 2283 1571 2328 declamationum.
1632 2283 1755 2326 Nam
1784 2285 1839 2326 ut

154 2340 211 2383 de
237 2354 290 2384 eo
315 2342 530 2385 similiter
553 2345 694 2398 atque
718 2342 767 2385 in
793 2342 1131 2386 declamatione
1157 2343 1198 2384 ΙΙ
1222 2344 1269 2398 (t.
1288 2343 1330 2386 V
1345 2358 1390 2399 p.
1412 2345 1513 2398 123)
1531 2342 1740 2386 dubitem
1764 2355 1838 2385 me

152 2403 338 2443 movent
365 2415 468 2444 cum
493 2415 617 2446 error
640 2403 697 2446 de
715 2401 919 2457 Cephalo
945 2417 987 2458 p.
1010 2406 1143 2454 146,9
1164 2402 1434 2454 commissus
1459 2402 1623 2445 Tzetze
1649 2401 1837 2456 quidem

154 2458 658 2515 dignus(histor.V996
670 2463 768 2517 sq.),
780 2476 935 2504 verum
953 2460 1136 2518 gravior
1152 2476 1291 2517 quam
1309 2475 1445 2517 quem
1465 2460 1696 2504 aLibanio
1716 2475 1837 2504 com—

152 2518 278 2560 mitti
302 2519 510 2574 potuisse
541 2520 679 2564 facile
712 2521 910 2574 credam,
942 2522 1042 2563 tum
1076 2519 1349 2563 elocutionis
1375 2521 1602 2576 quaedam
1629 2520 1837 2575 proprie-

152 2578 274 2619 tates
299 2578 620 2635 imprimisque
647 2579 854 2622 delectus
878 2579 1132 2623 verborum.
1169 2578 1314 2631 Quam
1338 2594 1450 2631 rem,
1469 2594 1571 2622 cum
1591 2579 1704 2621 fines
1729 2578 1837 2621 huic

151 2636 435 2691 praefationi
459 2637 702 2693 impositos
723 2639 928 2694 excedat,
947 2638 1178 2694 copiosius
1197 2638 1457 2694 exponendi
1482 2636 1713 2692 simulque
1731 2651 1837 2680 con-

152 2694 378 2738 iecturam
404 2697 660 2752 speciosam
686 2697 743 2740 de
768 2697 1064 2770 Polemone
1083 2700 1237 2753 (quem
1256 2697 1465 2753 appellat
1481 2697 1676 2752 Sopater
1693 2698 1834 2752 ὃιαιρ.

153 2757 242 2808 ζητ.
261 2755 292 2797 t.
314 2754 417 2798 VIII
436 2761 461 2797 3
479 2755 548 2798 ed.
567 2756 701 2799 Walz
728 2756 750 2799 ὁ
777 2756 858 2812 μὲν
884 2756 969 2813 γὰρ
989 2754 1204 2811 Κέφαλος
1227 2757 1355 2811 παρὰ
1380 2754 1674 2812 Πολέμωνι
1700 2757 1837 2811 μηδε-

152 2810 263 2867 μίαν
295 2811 413 2856 καθ’
449 2814 616 2859 ἑαυτοῦ
646 2817 829 2859 πώποτε
854 2816 1064 2865 δεδωκὼς
1086 2822 1183 2864 τοῖς
1207 2814 1416 2865 πολίταις
1438 2814 1584 2872 λαβὴν
1610 2817 1836 2870 διηγεῖται

151 2870 235 2926 τὴν
267 2872 502 2917 πολιτείαν
534 2873 618 2929 τὴν
651 2873 818 2917 ἑαυτοῦ
850 2874 1047 2930 μηδενὸς
1078 2873 1404 2929 ἁμαρτήματος
1443 2874 1585 2918 αὐτὸν
1628 2873 1834 2931 ἀναγκά-
1860 2879 1870 2885 ‘

153 2931 308 2981 ζοντος
344 2931 429 2987 τὴν
468 2930 624 2976 αἰτίαν
664 2933 1015 2987 ἀπολύσασθαι,
1055 2931 1167 2987 οπερ
1208 2931 1476 2989 οἰκονομίας
1519 2939 1599 2989 τῆς
1647 2932 1696 2977 ἐν
1733 2939 1835 2983 ταῖς
