2010 3168
993 669 1189 724 XVIII.

344 793 654 842 Declamatio
683 794 926 856 inscripta
957 793 1044 843 Νό
1057 812 1160 857 μος
1197 791 1299 842 τὸν
1339 793 1534 852 ξενίας
1573 791 1789 843 ἁλόντα
1827 812 1924 844 πι-

226 866 620 931 πράσκεσθαι.
683 865 830 916 ἑάλω
892 867 1090 927 ξενίας
1144 865 1169 916 ὅ
1224 865 1637 932 Δημοσθένης.
1699 867 1923 932 ἔπεμψε

237 942 535 1000 Φίλιππος
590 938 931 1005 ὠνούμενος
984 940 1178 990 αὐτόν.
1234 940 1448 1007 γράφει
1502 941 1787 1006 Δημάδης
1835 942 1922 991 δι-

230 1014 426 1078 δόναι,
464 1010 772 1080 Ὑπερίδης
827 1013 1118 1080 δημόσιον
1161 1009 1339 1077 εἶναι,
1387 1032 1486 1078 qua
1533 1019 1728 1078 auctor,
1777 1033 1918 1079 quem

229 1090 495 1138 Libanium
527 1106 629 1138 esse
661 1106 789 1153 nego
800 1083 859 1155 1),
897 1090 1202 1152 Hyperidem
1233 1091 1437 1138 suadere
1468 1091 1611 1153 facit,
1651 1107 1712 1138 ne
1744 1090 1923 1139 Demo-

228 1164 428 1212 sthenes
459 1164 619 1223 ξενίας
651 1164 914 1212 damnatus
946 1164 1177 1227 Philippo
1209 1180 1389 1213 venum
1414 1165 1572 1226 detur,
1603 1164 1688 1212 sed
1711 1164 1922 1213 Athenis

229 1254 482 1287 servorum
520 1239 834 1300 publicorum
871 1239 979 1286 loco
1018 1239 1220 1286 habitus
1263 1241 1463 1287 maneat
1472 1276 1484 1300 ,
1526 1240 1797 1300 posteriore
1841 1240 1921 1286 de·-

226 1329 364 1360 mum
406 1315 630 1374 tempore
668 1313 721 1359 in
761 1307 980 1375 ‘corpus'
1020 1312 1438 1360 declamationum
1477 1315 1676 1374 recepta
1715 1329 1814 1361 non
1848 1313 1921 1361 ita

227 1387 398 1434 multis
430 1387 591 1448 iisque
621 1386 902 1435 recentibus
929 1413 998 1420 -—-
1023 1387 1188 1435 nullus
1221 1387 1470 1435 saeculum
1493 1386 1612 1434 XIV
1636 1387 1825 1435 excedit
1851 1415 1919 1420 —

230 1460 480 1509 codicibus
515 1461 577 1509 ad
608 1464 829 1509 nostram
861 1463 1076 1509 aetatem
1105 1462 1344 1523 pervenit.
1410 1461 1506 1518 Qui
1544 1463 1660 1509 sunt
1696 1461 1748 1508 hi
1780 1461 1920 1523 quin-

227 1535 406 1582 decim:

343 1611 387 1656 1.
420 1608 744 1657 Vaticanus
770 1626 841 1672 gr.
869 1609 936 1656 82
971 1603 1067 1674 (=
1092 1602 1194 1674 Va)
1227 1624 1352 1657 saec.
1377 1608 1495 1656 XIV
1524 1609 1608 1656 fol.
1639 1610 1757 1658 109.
1804 1608 1918 1657 Cor-

225 1685 390 1730 rectus
423 1689 499 1730 est
521 1699 674 1731 manu
698 1682 924 1732 secunda.
955 1676 1083 1730 Vide
1107 1685 1142 1731 t.
1161 1683 1186 1730 I
1210 1700 1255 1745 p.
1275 1684 1343 1730 48
1355 1701 1367 1744 3
1401 1683 1446 1728 V
1468 1699 1515 1744 p.
1534 1685 1599 1730 41
1610 1683 1656 1731 6.
1705 1681 1917 1730 Contuli.

349 1840 390 1892 1)
428 1837 720 1882 Declamatio
760 1852 865 1882 cum
903 1838 953 1881 in
993 1838 1191 1895 singulis
1228 1838 1366 1881 rebus
1406 1839 1453 1880 et
1490 1837 1713 1881 historiae
1746 1840 1793 1882 et
1825 1837 1918 1882 elo-

190 1939 195 1943 .
227 1897 428 1940 cutionis
461 1897 666 1941 crebrius
691 1899 738 1941 et
761 1897 947 1955 gravius
971 1899 1138 1954 peccat
1163 1897 1238 1954 (cf.
1262 1913 1307 1953 p.
1335 1901 1434 1950 258,
1455 1901 1503 1951 93
1535 1902 1636 1951 260,
1655 1902 1731 1951 203
1766 1896 1844 1941 ἴνα
1861 1920 1916 1934 =

226 1954 340 2000 ὥστε
371 1971 415 2013 p.
442 1961 542 2011 250,
563 1961 638 2010 173
670 1951 943 2013 ⁷³19=231ffia
966 1971 1011 2012 p.
1038 1961 1139 2011 259,
1157 1959 1200 2013 8)
1233 1959 1335 2000 tum
1359 1956 1548 2000 omnino
1581 1955 1748 2000 exilior
1775 1958 1916 2011 atque

222 2015 535 2073 inelegantior
566 2017 637 2059 est
668 2031 808 2072 quam
840 2019 894 2060 ut
917 2030 946 2060 a
968 2016 1165 2060 Libanio
1191 2029 1294 2059 eam
1325 2015 1586 2072 profectam
1606 2028 1706 2059 esse
1731 2016 1916 2059 credere

223 2074 421 2130 possim,
462 2088 555 2131 qua
586 2076 636 2118 in
666 2090 715 2118 re
749 2074 952 2119 Gasdam
985 2075 1120 2132 (Krit.
1154 2074 1507 2132 Bemerkungen
1540 2089 1596 2117 zu
1628 2075 1719 2118 den
1751 2074 1916 2118 Decla-

219 2133 463 2177 mationen
502 2135 583 2178 des
619 2134 840 2178 Libanios
871 2150 916 2191 p.
945 2137 1017 2192 11)
1056 2134 1208 2178 habeo
1248 2134 1617 2178 consentientem
1656 2134 1737 2189 qui
1776 2148 1915 2190 opus—

223 2193 381 2236 culum
403 2193 583 2248 puerile
609 2194 741 2237 dixit.
805 2193 895 2237 Sed
919 2193 1126 2238 studium
1151 2193 1339 2237 Libanii
1364 2194 1562 2249 apparet
1593 2206 1741 2249 aeque
1773 2194 1915 2249 atque

221 2251 550 2296 Demosthenis
575 2254 622 2296 et
638 2252 941 2308 Thucydidis,
967 2266 991 2296 e
1017 2267 1107 2308 quo
1134 2255 1297 2296 contra
1319 2251 1506 2296 Libanii
1530 2252 1915 2296 consuetudinem

222 2310 485 2355 enuntiatio
510 2311 695 2368 integra
717 2314 908 2368 recepta
925 2314 996 2356 est
1010 2327 1055 2369 p.
1075 2316 1241 2366 261‚10
1260 2326 1327 2367 sq.
1360 2311 1454 2356 Lex
1470 2311 1574 2367 ipsa
1589 2311 1639 2354 in
1662 2311 1914 2367 hypothesi

221 2370 283 2413 ad
307 2369 633 2414 Demosthenis
659 2371 877 2415 adversus
902 2371 1182 2415 Eubulidem
1214 2371 1473 2415 orationem
1504 2370 1680 2426 scripta
1710 2385 1754 2425 p.
1783 2374 1912 2424 1298,

224 2434 245 2471 1
266 2443 332 2484 sq.
352 2428 544 2472 affertur
560 2430 636 2485 (cf.
653 2430 1332 2486 Meier-Schoemann·Lipsius‚
1349 2430 1446 2473 Att.
1462 2429 1635 2472 Process
1651 2433 1792 2485 p.437
1811 2430 1910 2486 sq.),

220 2489 549 2544 argumentum
572 2502 678 2532 vero
703 2489 870 2533 fictum
901 2491 985 2546 est,
1018 2490 1106 2534 etsi
1138 2489 1234 2532 iam
1266 2491 1375 2532 ante
1399 2487 1585 2531 Libanii
1617 2489 1834 2542 aetatem,
1859 2489 1914 2531 ut

222 2546 375 2590 elucet
406 2560 431 2591 e
462 2547 614 2591 verbis
645 2548 836 2604 Apsinis
867 2549 975 2603 περὶ
1012 2556 1104 2593 τῶν
1144 2546 1544 2605 ἐσχηματισμένων
1575 2562 1664 2600 προ
1698 2546 1911 2603 λημάτων

220 2605 373 2661 (Rhet.
415 2621 483 2662 gr.
515 2606 579 2649 IX
619 2611 726 2660 540,
753 2612 774 2650 1
795 2622 861 2663 sq.
889 2607 970 2660 W3
1017 2610 1049 2651 t.
1075 2607 1095 2651 I
1127 2622 1170 2663 p.
1199 2612 1305 2660 336,
1333 2612 1387 2650 18
1422 2606 1653 2663 Spengel·
1714 2619 1909 2659 ammer3

219 2668 466 2719 p.122‚20
497 2665 652 2722 Bake)
692 2665 981 2722 μετέλθωμεν
1020 2667 1071 2711 δὲ
1103 2667 1183 2710 καὶ
1227 2664 1301 2710 ἐπ’
1347 2665 1495 2709 ἐκεῖνο
1534 2664 1586 2708 τὸ
1628 2661 1752 2715 εἶδος
1790 2664 1909 2709 ὅπου

219 2739 288 2773 τις
326 2724 423 2768 λύει
459 2723 518 2767 τὰ
550 2721 753 2777 δόξαντα
784 2723 812 2781 ἢ
845 2725 1013 2780 νόμον,
1045 2722 1148 2769 οἷον
1172 2722 1439 2780 Ὑπερείδης
1469 2723 1611 2776 ἀξιῶν
1642 2721 1725 2767 τὸν
1756 2727 1908 2779 Δημο-

220 2780 397 2837 σθένην
438 2781 662 2839 δημόσιον
703 2779 825 2827 εἶναι
871 2787 1062 2838 δοῦλον,
1112 2783 1271 2838 ἐπειδὴ
1319 2781 1475 2836 ξενίας
1520 2781 1650 2826 ἑάλω.
1700 2783 1909 2827 ἐνταῦθα

220 2840 417 2893 εἰσάξεις
447 2843 505 2885 τὰ
536 2842 650 2896 ὑπὲρ
682 2842 1018 2899 Δημοσθένους
1048 2844 1128 2886 καὶ
1160 2839 1403 2894 ἐπιδείξεις
1441 2841 1573 2893 ἄξιον
1613 2840 1724 2885 ὄντα
1764 2841 1908 2885 αὐτὸν

220 2900 301 2943 καὶ
333 2899 614 2955 ἐλευθερίας,
648 2901 702 2945 οὐ
736 2901 879 2957 μόνον
910 2909 993 2945 τοῦ
1025 2899 1238 2951 δουλείας
1269 2899 1583 2958 ἀπηλλάχθαι.
