2010 3168
198 102 265 155 70
788 102 1076 146 GREGORII
1107 102 1309 146 CYPRII

194 241 368 306 βανον
406 247 617 308 πεῖραν.
665 234 797 306 εἶθ’,
845 238 917 300 ὡς
964 236 1054 290 ὑπ’
1103 237 1308 307 ἀνέμου
1357 240 1590 308 σκάφος,
1639 241 1715 302 εἰς
1761 240 1887 294 τού-

193 330 420 379 ναντιόν
458 326 878 396 περιτραπέντες
916 327 1195 395 ἠλόγησαν
1234 335 1328 396 τῆς
1359 328 1483 395 περὶ
1516 329 1718 391 αὐτοὺς
1749 346 1884 398 προ-

193 418 349 477 νοίας
401 415 581 484 ἡμῶν,
642 416 921 483 ἠλόγησαν
983 424 1077 484 τῆς
1130 418 1399 484 σπουδῆς,
1457 416 1734 485 ἠθέτησαν
1788 419 1888 486 τὴν

195 507 414 572 φιλίαν,
462 503 552 557 καὶ
598 505 694 566 τὰς
739 501 851 573 μετ’
899 503 1151 572 ἀλλήλων
1200 507 1486 573 συνθήκας
1532 505 1764 574 ἀφέντες
1811 508 1889 570 εἰς

152 618 171 649 5
207 590 426 662 ἐχθρῶν
480 592 871 662 ἀπηλλάγησαν
932 601 1123 663 σχῆμα.
1185 591 1451 647 ἐντεῦθεν
1511 596 1657 663 παρὰ
1716 597 1889 658 πόδας

196 682 383 744 αὐτοῖς
433 681 460 734 ὁ
507 684 742 750 πόλεμος
788 682 878 736 καὶ
927 684 991 736 τὰ
1039 684 1195 736 δεινὰ
1251 682 1337 736 ἐπὶ
1392 685 1608 754 θύραις.
1663 682 1747 752 ἐφ’
1805 677 1888 747 οἷς

196 770 325 823 δέον
365 770 430 823 ὃν
468 771 1086 840 μεταβουλευσαμένους
1123 771 1412 840 προσιέναι
1443 772 1590 840 ἡμῖν,
1628 775 1887 842 προσιόν-

197 879 289 921 τας
331 857 390 911 δὲ
430 860 702 929 δεηθῆναι
748 861 837 914 καὶ
886 860 1188 929 δεηθέντας
1234 861 1638 932 εὐμενεστέρων
1683 870 1887 930 τυχεῖν,

197 950 341 1016 ὅμως
395 948 801 1017 ἀπονοηθέντες
857 949 1155 1003 ἀπώλοντο.
1219 951 1304 1002 32.
1361 950 1536 1013 οὕτως
1586 951 1687 1020 οὐχ
1734 950 1888 1019 ἡμῶν

131 1064 172 1094 10
196 1035 386 1104 ἔργον,
451 1036 567 1090 ἀλλ’
629 1038 857 1091 ἐκείνων
910 1039 942 1106 ἡ
997 1040 1312 1106 πολιορκία,
1375 1039 1466 1092 καὶ
1519 1039 1547 1093 ὁ
1602 1040 1888 1108 κατασχὼν

196 1126 399 1188 αὐτοὺς
438 1128 674 1196 ὄλεθρος
715 1126 816 1180 οὐκ
857 1128 1058 1189 ἄλλους
1098 1123 1207 1196 εἶχε
1246 1129 1378 1190 τοὺς
1415 1131 1889 1197 παρεσκευακότας

198 1215 227 1283 ἣ
273 1218 401 1277 τοὺς
447 1215 799 1278 ἀπολωλότας
845 1216 1059 1278 αὐτούς.
1114 1215 1432 1284 ἀλογώτατα
1489 1217 1592 1286 γὰρ
1639 1218 1776 1285 πρὸς
1822 1218 1889 1270 τὰ

196 1313 307 1356 τῶν
358 1303 668 1373 Ἀθηναίων
723 1305 1028 1368 ὠθίσαντες
1083 1304 1314 1368 ἑαυτοὺς
1369 1305 1498 1374 ξίφη
1553 1302 1643 1358 ὑπ’
1706 1308 1889 1359 αὐτῶν

199 1394 625 1462 διαφθείρονται
665 1392 754 1446 καὶ
793 1395 1037 1463 μεγάλην
1076 1394 1384 1457 ἀνάψαντες
1417 1396 1598 1463 φλόγα
1637 1394 1887 1448 ἁλίσκον-

133 1506 173 1538 15
199 1501 285 1534 ται
326 1479 416 1534 ὑπ’
464 1482 644 1551 αὐτῆς.
691 1482 723 1551 ἢ
765 1484 921 1536 δοκεῖ
965 1498 1052 1537 σοι
1101 1482 1205 1535 κᾶν
1251 1483 1348 1536 ἕνα
1396 1483 1550 1552 ἡμῶν
1588 1489 1886 1552 κινηθῆναι

197 1574 430 1639 θελῆσαι
471 1570 503 1639 ἢ
541 1573 602 1624 τὸ
643 1570 768 1640 περὶ
807 1579 907 1624 τοῦ
939 1574 1151 1641 τείχους
1182 1575 1438 1641 ψήφισμα
1469 1573 1691 1642 γράψαι,
1732 1573 1780 1625 εἰ
1814 1573 1886 1640 μὴ

196 1662 435 1729 νεώτερα
489 1660 766 1729 ἐφρόνουν
827 1659 1052 1730 ἐκεῖνοι,
1115 1664 1166 1714 εἰ
1224 1663 1296 1730 μὴ
1351 1662 1490 1730 πρὸς
1544 1661 1883 1714 ἀποστασίαν

197 1746 455 1816 ἔβλεπον,
504 1751 552 1802 εἰ
597 1751 670 1818 μὴ
717 1748 839 1803 ἀντὶ
896 1754 1076 1818 φίλων
1131 1750 1347 1819 ἐχθροί,
1403 1749 1527 1803 ἀντὶ
1571 1747 1620 1802 δ’
1667 1750 1888 1803 οἰκείων

199 1836 468 1906 πολέμιοι,
509 1836 633 1891 ἀντὶ
673 1838 734 1891 δὲ
775 1837 1075 1907 συμμάχων
1115 1844 1364 1907 αἴροντες
1396 1839 1538 1892 ὅπλα
1568 1836 1696 1891 καθ’
1734 1838 1890 1906 ἡμῶν

134 1949 176 1980 20
202 1925 478 1996 ἐγένοντο,
518 1925 647 1980 νυνὶ
688 1925 737 1979 δ’
783 1926 1139 1980 ἀποστάντων
1179 1927 1422 1996 ἐκείνων,
1462 1928 1551 1980 καὶ
1585 1932 1703 1980 εὕθε
1735 1946 1796 1995 γε
1828 1929 1888 1979 τὸ

202 2012 312 2066 κατ’
361 2013 564 2077 αὐτοὺς
601 2011 671 2083 ἦν
702 2017 893 2083 μόνον,
934 2013 1050 2068 ἀλλ’
1091 2015 1376 2069 ἀπώλοντο
1410 2015 1720 2085 Ἀθηναίοις
1753 2016 1891 2085 πρὸς

201 2103 261 2154 τὸ
310 2102 537 2155 ἐκείνων
582 2104 930 2172 παράδειγμα
975 2103 1066 2156 καὶ
1112 2106 1178 2156 τὰ
1226 2105 1287 2157 ἐν
1338 2103 1520 2175 Θράκῃ
1567 2104 1744 2156 πάντα
1799 2102 1887 2156 καὶ

203 2192 526 2262 Μακεδονίᾳ
571 2192 860 2261 πράγματα
921 2190 1010 2245 καὶ
1058 2193 1188 2246 οὐδὲ
1234 2200 1343 2246 νῦν
1387 2194 1521 2262 μετὰ
1574 2194 1674 2260 τὴν
1722 2196 1889 2245 Ποτι-

204 2280 360 2342 δαίας
414 2283 741 2349 καθαίρεσιν
795 2274 909 2334 οἷοί
957 2279 999 2333 τ’
1058 2280 1219 2349 ἐσμὲν
1276 2280 1490 2344 ἑαυτοῖς
1541 2279 1890 2334 ἐπανασώσα-

137 2391 178 2423 85
204 2373 354 2435 σθαι,
396 2368 570 2430 οὕτως
609 2365 712 2422 οὖν
751 2367 976 2422 ἐκείνων
1015 2368 1105 2421 καὶ
1146 2366 1216 2421 δι’
1265 2369 1509 2432 ἐκείνους
1557 2379 1667 2422 τῶν
1706 2370 1890 2422 ἄλλων

204 2456 575 2510 διατεθέντων
635 2465 744 2511 ποῦ
807 2459 1025 2511 δίκαιον
1083 2458 1155 2524 μὴ
1218 2463 1518 2526 κινηθῆναι
1577 2454 1679 2525 μὲν
1732 2457 1888 2526 ἡμᾶς,

205 2546 406 2606 αὐτοὺς
462 2545 522 2598 δὲ
575 2546 666 2598 καὶ
721 2542 799 2599 ὧν
856 2543 1071 2599 ἔπαθον
1133 2549 1295 2616 χείρω
1358 2551 1546 2617 πολλῷ
1608 2547 1891 2607 παθόντας

204 2641 411 2701 τυχεῖν;
468 2633 552 2685 33.
593 2637 823 2702 χρηστοί
866 2653 926 2702 γε
973 2634 1150 2702 ὑμεῖς,
1199 2631 1239 2686 ὦ
1281 2637 1607 2703 Κορίνθιοι,
1653 2635 1750 2686 τὸν
1789 2629 1890 2701 μὲν

328 2745 379 2783 16
414 2717 546 2796 cffp.
576 2746 686 2795 61,1

300 2812 559 2886 {2264}
585 2837 633 2880 in
666 2852 798 2894 marg
833 2839 890 2882 V²
1025 2843 1080 2881 24
1115 2839 1509 2881 ἐπανασώσασθαι
1541 2838 1703 2893 scripsi
1736 2850 1760 2879 e
1797 2838 1839 2879 V

208 2897 545 2939 ἀνασώσασθαι
572 2897 613 2939 L
639 2895 774 2939 Schm
898 2902 951 2939 27
986 2899 1134 2939 πολλῶ
1161 2897 1323 2953 scripsi
1350 2910 1373 2939 e
1399 2898 1496 2940 LV
1548 2899 1727 2940 πολλῶν
1753 2895 1891 2939 Schm

328 2958 382 2996 28
415 2955 543 3010 ὑμεῖς
576 2955 739 3010 scripsi
771 2969 795 2999 e
822 2957 919 3000 LV
973 2943 1272 3011 ἡμεῖς’ὃοὶιῑη
