2010 3168
234 100 269 152 2
274 100 343 153 68
704 98 929 142 LIBANII
962 96 1353 142 DECLAMATIO
1384 97 1492 141 XIX

345 234 395 286 4.
421 233 559 287 ‘'Ove
598 231 700 303 μὲν
739 230 842 287 οὖν
875 234 1049 296 εὐθὺς
1078 235 1290 302 ἤκουσα
1319 236 1617 303 πρεσβείαν
1649 231 1708 286 ἐκ
1741 236 1928 286 Μακε-

236 324 426 385 δονίας
451 323 707 392 ἀφῖχθαι,
727 325 979 385 τοιοῦτός
1001 324 1098 389 μοί
1111 337 1200 384 ’τις
1223 325 1521 392 παρίστατο
1546 325 1822 391 λογισμός,
1839 323 1929 376 ὅτι

240 414 512 474 Φίλιππος
544 412 610 464 οὐ
643 412 865 480 σφόδρα
896 409 976 464 ὢν
1007 410 1342 480 ἀναίσθητος
1381 411 1678 479 ἄνθρωπος
1709 410 1930 464 ἀπιστεῖ

233 510 347 562 τοῖς
371 499 774 569 πεπραγμένοις
803 498 895 552 καὶ
925 507 1169 566 τοιαῦτα,
1200 499 1272 562 ὡς
1303 502 1463 568 εἰκός,
1487 500 1660 569 (πρὸς
1693 498 1929 567 ἑαυτὸν)

188 591 546 644 εδιείλεκται·
609 587 728 656 ἐγὼ
790 597 941 650 παῖς
997 586 1084 641 ὢν
1138 587 1447 657 Ἀμύντου
1502 595 1618 641 τοῦ
1674 590 1928 658 φόρους

238 676 603 746 Ἀθηναίοις
643 676 962 746 φέροντος
998 664 1330 743 καῖ’μόλις
1373 678 1611 739 σωθεὶς
1649 677 1773 730 ὑπὸ
1813 684 1929 745 τῆς

225 765 641 835 Ἰφικράτους
679 774 795 819 τοῦ
826 764 1089 819 ’κείνων
1128 773 1495 835 στρατηγοῦ
1544 771 1926 835 φιλανθρωο

232 857 408 924 πίας,
447 855 679 922 μικρὸς
725 853 811 907 ὢν
850 854 957 907 καὶ
996 855 1303 917 ταπεινὸς
1352 853 1456 907 καὶ
1496 856 1733 917 δεδιὼς
1770 856 1930 917 τοὺς

230 943 417 1013 πέριξ
457 944 835 1013 βαρβάρους
881 945 987 996 καὶ
1032 946 1187 1012 μετὰ
1235 941 1350 1012 μὲν
1393 946 1697 1012 Θηβαίων
1748 942 1925 996 ε’λπί-

165 1054 209 1086 ιο
235 1036 354 1097 ζων
435 1031 810 1100 Ἀθηναίους
879 1035 1222 1100 λυπήσειν,
1290 1032 1446 1085 ἄνευ
1516 1033 1585 1085 δὲ
1654 1030 1927 1085 ἐκείνων

231 1124 590 1174 πείσεσθαί
623 1141 683 1173 τι
728 1122 929 1174 κακὸν
975 1120 1050 1173 οὐ
1096 1122 1332 1191 μικρὸν
1378 1129 1500 1174 νῦν
1550 1120 1928 1190 Ἀθηναίους

142 1214 371 1259 RIV242
414 1210 577 1278 ὁμοῦ
615 1211 719 1262 καὶ
771 1214 779 1275 Ι
831 1212 1159 1278 Θηβαίους
1206 1209 1446 1262 ε’νίκων
1491 1208 1759 1278 πληγεὶς
1807 1209 1927 1276 μὲν

230 1306 303 1368 τῇ
351 1298 634 1370 προτέρᾳ
680 1319 871 1369 μαχῃ,
924 1297 1194 1366 πληγεὶς
1248 1295 1315 1351 δε
1369 1307 1442 1369 τῇ
1497 1297 1795 1369 δευτέρᾳ,
1848 1305 1923 1366 τῇ

230 1388 391 1457 τύχῃ
432 1385 500 1440 δε
537 1385 684 1457 περὶ
724 1388 840 1455 τὴν
878 1390 1105 1455 τρίτην
1143 1388 1560 1456 χρησαμενος.
1614 1386 1663 1439 5.
1703 1390 1769 1440 τί
1804 1383 1926 1439 οὗν

165 1498 207 1531 15
233 1472 301 1529 εὖ
329 1477 756 1545 φρονοῦντός
802 1475 960 1545 ἐστις
1009 1476 1089 1543 μὴ
1128 1473 1401 1542 βέβαιον
1455 1474 1766 1542 ἡγεῖσθαι
1804 1476 1925 1544 τὴν

231 1564 461 1633 ταύτης
521 1565 917 1633 συμμαχίαν,
978 1559 1049 1631 ἧς
1110 1565 1306 1632 ἔργον
1369 1565 1747 1631 μεταπηδᾶν
1815 1562 1923 1617 ἐπὶ

230 1655 385 1715 τοὺς
438 1652 839 1721 ἡττημένους
899 1652 1019 1704 ἀπὸ
1080 1661 1206 1704 τῶν
1266 1655 1755 1720 κεκρατηκότων
1815 1653 1925 1706 καὶ

231 1743 387 1803 τοὺς
441 1741 680 1804 αὐτοὺς
735 1741 958 1803 αὔξειν
1010 1740 1115 1792 καὶ
1169 1745 1536 1809 καθαιρεῖν.
1599 1740 1747 1804 δέος
1799 1742 1924 1811 γὰρ

230 1830 311 1898 μὴ
351 1828 463 1891 οὓς
500 1837 623 1883 νῦν
661 1830 1112 1899 αἰχμαλώτους
1151 1830 1291 1897 ἔχω,
1339 1830 1616 1892 τούτους
1662 1830 1779 1883 ἴδω
1819 1850 1923 1897 μι-

165 1944 208 1976 20
231 1919 390 1988 κρὸν
426 1917 706 1988 ὕστερον
744 1918 860 1986 τὴν
891 1918 1317 1970 Μακεδονίαν
1348 1914 1631 1986 ἔχοντας.
1672 1918 1721 1970 6.
1753 1920 1921 1986 ἤκουε

231 2006 360 2076 γάρ,
401 2003 443 2059 ὦ
484 2007 680 2076 ἄνδρες
716 2004 1026 2075 Ἀθηναῖοι,
1077 2006 1205 2073 περὶ
1257 2013 1352 2073 τῆς
1404 2004 1666 2074 ἡμετέρας
1710 2008 1924 2068 πόλεως

229 2095 320 2147 καὶ
360 2095 426 2147 οὐ
467 2093 704 2163 λέληθεν
742 2095 911 2148 αὐτὸν
950 2094 1024 2156 ὡς
1063 2090 1230 2147 οὐδὲν
1273 2102 1512 2163 πταῖσμα
1550 2094 1724 2162 αὐτὴν
1762 2094 1921 2148 οὐδε-

230 2181 450 2237 πώποτε
487 2186 706 2246 τελείως
743 2185 1093 2252 κατήνεγκεν,
1131 2178 1248 2235 ἀλλ’
1295 2181 1350 2246 ἐξ
1390 2183 1574 2235 αὐτῶν
1611 2192 1724 2235 τῶν
1762 2181 1921 2236 ἐναν-

231 2273 519 2341 τιωμάτων
565 2271 850 2342 ἀνέδραμε.
903 2271 1163 2333 πολλάκις
1214 2271 1417 2338 ἤκουεν
1466 2270 1778 2339 Ἀμφίπολιν
1827 2272 1918 2324 καὶ

350 2392 377 2431 5
408 2387 537 2432 Dem.
570 2403 615 2444 p.
644 2392 816 2442 156,17
939 2391 965 2430 6
1008 2385 1222 2429 Aeschin.
1255 2385 1359 2430 fals.
1399 2386 1488 2443 leg.
1533 2391 1559 2441 ξ
1592 2390 1647 2429 26
1688 2388 1736 2429 et
1774 2391 1829 2429 27
1848 2401 1919 2443 sq.

232 2447 363 2490 Dem.
380 2447 600 2491 Arisizoor.
621 2451 811 2503 §111p.
830 2450 931 2501 657,
941 2449 1011 2489 20.
1035 2444 1155 2500 Nep.
1171 2444 1270 2501 Iph.
1290 2450 1332 2499 3,
1342 2449 1367 2487 2
1491 2451 1544 2489 15
1564 2445 1621 2488 cf
1639 2447 1674 2488 t.
1690 2445 1850 2501 11132‚
1862 2450 1917 2490 17

352 2555 378 2593 2
411 2548 489 2607 μοί
522 2566 591 2601 τις
620 2548 874 2605 παρίστατο
907 2549 1071 2604 scripsi
1103 2561 1158 2592 ex
1181 2549 1272 2592 Ath
1346 2563 1424 2603 μοι
1461 2551 1533 2598 τίς
1569 2545 1851 2602 παρίσταται
1874 2549 1924 2592 Ρ

233 2610 315 2654 sed
347 2626 397 2654 αι
428 2623 484 2652 ex
516 2625 540 2653 ο
573 2622 675 2653 corr
705 2608 775 2651 m²
834 2606 917 2664 μέν
940 2624 1009 2658 τις
1030 2605 1310 2661 παρίσταται
1335 2607 1467 2650 edd
1546 2611 1573 2648 4
1604 2606 1721 2661 πρὸς
1752 2606 1919 2651 ἑαυτὸν

232 2668 407 2712 inserui
433 2667 522 2712 coll
545 2682 589 2734 p.
617 2672 716 2721 281,
735 2672 782 2721 6;
813 2672 911 2722 322,
931 2670 977 2723 6·
1010 2670 1205 2720 323‚15;
1239 2669 1413 2719 337,10
1474 2678 1546 2708 om
1571 2664 1682 2708 libri
1707 2666 1798 2708 edd

234 2733 259 2770 5
291 2734 373 2771 τοῦ
406 2726 570 2783 scripsi
630 2726 738 2776 τοὺς
760 2727 854 2771 Ath
915 2739 990 2769 om
1013 2725 1060 2768 P
1087 2724 1178 2767 edd
1311 2700 1339 2766 7'
1368 2722 1557 2769 ἐκείνων
1582 2725 1676 2768 Ath
1707 2725 1797 2768 edd

235 2791 288 2829 11
314 2786 462 2830 κακὸν
486 2787 541 2830 οὐ
565 2785 730 2841 scripsi
755 2798 810 2828 ex
826 2785 920 2828 Ath
944 2797 1046 2827 cum
1074 2783 1235 2827 Iacobs
1217 2783 1284 2827 ςιίο
1307 2782 1420 2827 Lect
1439 2787 1521 2826 100
1545 2783 1642 2826 Rev
1666 2787 1691 2825 3
1753 2782 1901 2828 κακόν

235 2846 288 2889 οὐ
301 2846 346 2888 Ρ
402 2843 561 2889 κακόν.
581 2845 636 2889 οὐ
654 2844 743 2887 edd
868 2847 920 2886 19
938 2859 1019 2892 ους
1035 2841 1200 2898 scripsi
1261 2838 1324 2885 ὧν
1341 2841 1450 2886 libri
1466 2842 1556 2885 edd.
1674 2846 1730 2884 24
1747 2841 1917 2897 ἤκουεν

234 2903 399 2960 scripsi
430 2917 486 2947 ex
508 2904 603 2947 Ath
664 2902 862 2958 ἤκουσεν
888 2904 934 2946 P
961 2900 1051 2944 edd
