2010 3168
640 105 966 167 HYPERIDIS
999 104 1223 150 ORATIO
1669 105 1775 158 251

200 243 283 297 14.
347 245 558 295 Ταῦτα
600 242 827 309 πάντα
890 241 957 294 ἐν
1010 242 1216 313 τούτῳ
1270 247 1351 312 τῷ
1406 243 1780 310 ψηφίσματι

84 329 459 401 γέγραπται.
530 329 648 384 ἀλλ’
725 331 815 384 ὅτε
883 327 985 399 μὲν
1053 329 1350 400 ἐλεύθερος
1411 328 1781 399 Δημοσθένης

82 417 281 488 ἐδόκει,
321 419 454 473 οὐδὲ
490 420 820 489 πρεσβεύειν
858 421 937 481 εἰς
976 420 1340 472 Μακεδονίαν
1381 418 1639 487 ὑπέμεινε
1678 419 1781 487 τὴν

83 507 312 572 ἀδοξίαν
349 515 446 576 τῆς
482 511 774 579 πρεσβείας
806 508 872 561 οὐ
905 507 1111 577 φέρων,
1151 508 1289 561 ἀλλὰ
1319 508 1411 560 καὶ
1441 526 1780 575 καταναγκα-

82 599 292 661 ζόντων
351 596 509 664 ὑμῶν
568 597 832 659 πολλάκις
895 595 1197 665 ἐξώμνυτο,
1267 595 1398 670 νυνὶ
1461 593 1522 648 δὲ
1592 594 1778 664 ἐπειδὴ
1828 617 1847 649 5

81 684 470 753 κατέγνωσται,
509 687 917 755 πεμφθήσεται;
958 687 1095 739 ἔστω
1127 705 1210 748 τις
1243 684 1511 754 ἐξωμοσία
1541 683 1632 738 καὶ
1664 694 1781 748 τοῖς

0 839 2 841 ‚
80 773 318 837 οἰκέταις
357 775 541 827 δικαία
580 775 716 844 μηδὲ
754 775 956 828 τούτου
992 780 999 840 Ι
1032 775 1169 845 τύχῃ
1209 773 1596 843 Δημοσθένης,
1644 778 1766 823 RIV
1783 783 1869 822 328

0 870 10 876 ’
82 863 352 931 εὐμενοῦς
403 863 466 916 δὲ
517 867 718 932 κυρίου
772 861 864 916 καὶ
917 861 1324 933 φιλανθρώπου
1380 861 1472 916 καὶ
1521 863 1617 925 τὰς
1668 872 1782 916 τῶν

83 952 530 1020 δυστυχούντων
554 952 844 1022 συμφορὰς
883 951 1057 1005 ἐλεεῖν
1096 950 1511 1020 δεδιδαγμένου.

197 1039 280 1093 15.
329 1039 487 1094 Τοῦτ’
535 1037 639 1094 οὖν
685 1042 995 1108 λογίζεσθε,
1050 1049 1147 1093 ποῖ
1192 1041 1579 1109 πιπράσκεται,
1627 1041 1711 1103 τίς
1749 1040 1778 1094 ὁ
1806 1062 1848 1094 ιο

0 1160 1 1166 =
81 1130 419 1198 ὠνούμενος,
472 1130 573 1183 τὸν
620 1132 865 1199 ἔμπορον
910 1137 1010 1182 τοῦ
1051 1130 1324 1198 σώματος,
1373 1131 1474 1198 τὴν
1522 1130 1781 1182 διάνοιαν

81 1217 179 1288 ἀφ’
224 1214 288 1287 ἧς
328 1219 652 1287 ὠνήσασθαι
692 1220 964 1287 βούλεται.
1013 1219 1080 1272 οὐ
1127 1220 1232 1289 γὰρ
1282 1218 1509 1288 ἀπορῶν
1552 1219 1781 1271 οἰκετῶν

81 1308 111 1361 ὁ
174 1310 447 1370 Φίλιππος
502 1308 825 1376 ὠνήσασθαι
886 1315 1089 1360 τοῦτον
1150 1306 1507 1361 ἐσπούδακεν.
1571 1308 1619 1360 εἰ
1672 1308 1778 1376 γὰρ

2 1451 4 1457 Α
80 1393 254 1465 μηδὲν
290 1398 441 1465 ἄλλο,
483 1396 512 1450 ὁ
544 1399 784 1466 πόλεμος
822 1397 970 1467 αὐτῷ
1012 1398 1244 1449 δίδωσιν
1283 1395 1496 1459 οἰκέτας
1535 1398 1780 1458 πολλοὺς

81 1483 174 1538 καὶ
237 1486 472 1555 χορηγὸς
534 1481 696 1548 οὗτος
756 1496 868 1539 τῶν
930 1486 1298 1556 ἀνδραπόδων
1357 1489 1619 1554 γίγνεται.
1687 1484 1778 1538 καὶ
1806 1509 1846 1539 15

79 1575 277 1628 πολλοὶ
316 1575 652 1628 δουλεύουσι
698 1576 951 1647 Φιλίππῳ
999 1577 1281 1628 Φιλίππου
1320 1578 1652 1643 κρείττονες,
1692 1573 1778 1628 ἐν-

80 1662 364 1733 δοξότεροι
418 1671 518 1716 τοῦ
575 1664 862 1717 δεσπότου.
918 1665 1056 1717 ἀλλὰ
1109 1663 1270 1734 τέχνη
1325 1670 1490 1717 τοῦτο
1544 1664 1635 1716 καὶ
1689 1665 1779 1716 σό-

0 1802 6 1807 .
81 1766 261 1821 φισμα
322 1753 411 1805 καὶ
475 1752 720 1822 πολέμου
790 1754 979 1815 καινὸς
1047 1755 1247 1823 τρόπος
1314 1752 1405 1806 καὶ
1473 1752 1778 1822 μηχάνημα.

0 1885 2 1887 ,
87 1841 170 1894 16.
211 1840 315 1909 ἐγὼ
355 1842 563 1909 ταύτην
600 1842 701 1910 τὴν
737 1842 887 1911 ὠνὴν
925 1842 1296 1911 ὑπολαμβάνω
1329 1844 1658 1911 πολιορκίαν
1687 1842 1778 1893 καὶ

79 1931 415 1999 προσβολήν.
462 1938 625 1983 τοῦτο
666 1931 727 1983 τὸ
768 1929 1042 2001 ἀργύριον
1087 1933 1226 1999 ἔθνη
1272 1929 1364 1983 καὶ
1411 1932 1598 1992 πόλεις
1645 1929 1778 1982 άπο-
1803 1952 1846 1983 20

202 2078 227 2117 5
260 2074 391 2119 Dem.
424 2075 529 2119 fals,
563 2076 653 2133 leg.
684 2090 728 2132 p.
757 2079 857 2131 378,
877 2080 953 2131 18;
988 2080 1088 2131 381,
1108 2081 1145 2120 7.
1181 2076 1238 2120 cf.
1273 2076 1334 2119 ad.
1365 2091 1409 2133 p.
1440 2080 1539 2130 119,
1559 2081 1611 2120 12

203 2212 227 2251 3
253 2207 402 2253 ἐδόκει
422 2207 717 2265 δημοσθένης
738 2210 997 2254 VaBMaD
1118 2215 1146 2252 4
1171 2210 1250 2254 καὶ
1267 2209 1392 2253 inser
1409 2208 1475 2253 L'
1596 2214 1621 2252 5
1647 2207 1778 2265 ἡμῶν

85 2268 175 2311 Ma
295 2272 320 2311 6
353 2267 659 2325 μετέγνωσται
684 2269 774 2312 Ma
805 2269 885 2312 sed.
917 2286 1004 2312 κατ
1036 2282 1253 2325 suprascr
1282 2268 1352 2312 111²
1394 2271 1400 2325 Ι
1450 2267 1778 2325 πεμφθήσεται

92 2326 159 2370 Va
191 2326 274 2370 sed
305 2330 342 2370 θ
373 2327 498 2371 inser
527 2327 596 2370 m²
625 2329 629 2381 Ι
659 2327 785 2372 ἔσται
812 2329 950 2372 Mal)
977 2331 983 2384 Ι
1011 2329 1091 2372 καὶ
1122 2335 1219 2378 τοῖς
1249 2327 1450 2378 οἰκέταις
1481 2325 1706 2383 ἐξωμοσία
1732 2329 1776 2371 Β

204 2390 227 2428 ’7
261 2385 321 2442 μὴ
355 2387 405 2431 δὲ
439 2387 775 2431 VaMaDLLa
803 2387 808 2439 Ι
834 2387 948 2444 τύχη
975 2388 1018 2430 L
1043 2387 1124 2431 sed.
1148 2404 1177 2443 η
1201 2387 1252 2430 in
1282 2400 1357 2431 ras
1388 2387 1460 2430 m²
1519 2386 1676 2444 τύχοις
1709 2387 1775 2431 Va

83 2445 128 2488 B
251 2449 277 2489 8
311 2446 531 2501 εὐμενοῦς
562 2445 612 2490 δὲ
646 2446 811 2502 scripsi
874 2447 923 2492 ἐκ
948 2445 1116 2502 μέρους
1138 2446 1250 2490 libri
1274 2447 1365 2490 edd
1427 2443 1525 2490 ἀλλ’
1556 2446 1778 2502 εὐμενοῦς

81 2503 189 2547 coni
220 2504 287 2547 Re
363 2503 537 2561 ἡμέρου
570 2504 775 2549 Sintenis
897 2509 921 2548 9
968 2506 1108 2550 ἐλεεῖν
1148 2506 1198 2549 in
1230 2519 1362 2562 marg
1386 2507 1429 2550 L
1553 2509 1608 2548 10
1639 2511 1776 2548 τοῦτο

94 2563 307 2608 VaMaD
356 2564 363 2620 Ι
412 2571 497 2607 ποῖ
525 2563 593 2608 Re
653 2571 745 2608 ποῦ
778 2564 885 2608 libri
915 2565 1019 2608 Mor
1140 2570 1193 2608 11
1225 2565 1308 2609 τὸν
1340 2564 1523 2621 ὠνητὴν
1556 2565 1663 2607 ante
1695 2563 1776 2607 τὸν

83 2619 285 2677 ἔμπορον
309 2622 417 2666 libri
479 2622 611 2667 deest
635 2624 761 2679 apud
786 2623 888 2667 Mor
1018 2628 1071 2667 13
1105 2622 1386 2668 ἐσπουδάκει
1402 2624 1492 2667 Μα
1622 2627 1676 2665 15
1708 2620 1776 2679 γί-

83 2695 213 2725 νεται
244 2681 457 2726 VaMaD
580 2687 631 2725 17
674 2683 787 2726 ἀλλὰ
827 2683 993 2739 scripsi
1031 2686 1218 2727 auctore
1259 2683 1439 2727 Sinteni
1516 2681 1626 2738 ἄλλη
1665 2681 1774 2725 libri

83 2739 165 2782 scd
196 2757 224 2796 η
260 2740 309 2784 in
340 2754 416 2784 ras
441 2740 521 2796 L²‚
553 2741 644 2784 edd
705 2739 806 2785 ἀλλ’
841 2741 951 2797 ἄλλη
989 2742 1093 2786 coni
1125 2742 1193 2786 Re
1253 2742 1400 2793 ἄλλως
1432 2741 1589 2785 Gasda
1638 2743 1645 2795 Ι
1695 2741 1776 2784 καὶ

83 2800 191 2852 post
222 2799 334 2856 ἄλλη
366 2800 450 2854 Va,
481 2814 555 2843 ras
589 2806 613 2844 3
646 2799 725 2843 litss
750 2802 795 2845 B
846 2805 850 2854 Ι
901 2801 1069 2846 καινὸν
1108 2799 1335 2857 σόφισμα,
1378 2800 1542 2850 καινὸς
1571 2798 1775 2855 πολέμου

84 2855 266 2913 τρόπος,
297 2859 464 2904 καινὸν
495 2859 743 2915 μηχάνημα
775 2860 880 2903 coni
911 2860 979 2903 Re
1123 2865 1179 2903 20
1214 2860 1390 2904 τούτων
1425 2862 1492 2904 Va
1524 2859 1606 2903 sed
1636 2865 1774 2902 τοῦτο

84 2928 301 2971 suprascr
331 2917 414 2972 m',
446 2919 586 2962 MaD
