2010 3168
427 137 656 187 MOROSI
686 137 895 185 FILIUM
926 136 1288 185 ABDICANTIS
1320 137 1544 185 ORATIO
1726 138 1832 195 557

146 278 289 342 υίὸς
325 273 510 347 ἔστω,
542 279 696 347 φησί,
727 278 833 331 καὶ
872 286 998 331 τῶν
1038 285 1168 330 σῶν
1205 279 1628 348 κληρονόμος.
1668 276 1709 330 ὢ
1742 285 1836 347 τῆς

146 367 346 431 ἀνοίας.
387 368 870 435 καταναλώσας,
919 368 1080 437 φησί,
1120 367 1236 436 τὴν
1281 366 1518 420 οὐσίαν
1557 367 1635 436 μὴ
1688 370 1835 435 κλη-

145 463 503 526 ρονομείτω
539 455 783 525 μηκέτι.
822 457 999 524 ποίας,
1032 452 1073 509 ὦ
1106 457 1525 525 κακοδαίμονες;
1564 462 1658 524 τῆς
1689 457 1834 524 παρὰ

143 555 261 608 ταῖς
297 546 550 615 πόρναις;
590 545 622 614 ἢ
662 553 758 614 τῆς
795 543 1357 614 κατακεκυβευμε’νης;
1401 544 1485 598 14.
1524 543 1638 598 ἀλλ’
1679 544 1836 613 ὑμεῖς

142 635 243 704 μὲν
282 632 534 705 ἔρρωσθε
581 634 725 687 οὕτω
773 637 904 697 τοὺς
948 635 1147 697 παῖδας
1196 634 1355 702 ὑμῶν
1401 636 1834 704 σωφρονίζοντες
1882 655 1901 688 5

142 722 232 776 καὶ
272 722 430 793 μέχρι
471 724 674 777 τούτου
724 733 834 777 τῶν
874 723 1224 793 ἀδικημάτων
1269 724 1453 777 αὐτῶν
1499 723 1834 792 ἀνεχόμενοι.

144 820 445 882 τοιγαροῦν
483 813 772 882 βαράθρου
811 812 1010 875 πάντες
1055 811 1191 881 ὑμῖν
1237 810 1639 880 ἀποβαίνουσιν
1678 811 1835 877 ἄξιοι.

143 900 262 970 ἐμοὶ
314 898 374 954 δὲ
427 899 687 969 μέγιστον
744 900 1095 970 ἀδικημάτων
1130 901 1136 970 Ι
1172 899 1200 953 6
1248 900 1439 968 γέλως·
1493 903 1656 955 τοῦτό
1698 905 1816 950 RIV
1838 911 1920 950 617

141 1010 206 1060 με
246 995 421 1044 λυπεῖ.
470 993 552 1053 τίς
599 989 686 1043 ε’πὶ
734 991 910 1062 τούτῳ
958 991 1055 1043 τὸν
1101 990 1400 1059 ἠδικηκότα
1448 989 1732 1057 ἀμύνεται;
1787 991 1835 1044 εἰ

142 1079 342 1148 λάγνος
389 1080 468 1132 ὢν
508 1079 536 1132 6
583 1089 711 1142 παῖς
757 1079 910 1151 ἀνιᾷ,
969 1081 1088 1133 τότε
1144 1079 1314 1132 αὐτὸν
1362 1078 1729 1149 ἀποκήρυξον·
1785 1082 1836 1133 εἰ
1858 1103 1901 1134 ιο

140 1171 511 1238 πορνοκόπος,
559 1171 696 1222 τότε.
745 1165 834 1237 ἐμὲ
883 1166 944 1222 δὲ
990 1172 1168 1237 γελῶν
1205 1166 1288 1222 ἐπ’
1336 1167 1478 1238 ἐμοί,
1523 1172 1734 1239 μᾶλλον
1774 1165 1835 1222 δὲ

142 1258 281 1321 ὅλως
320 1262 512 1326 γελῶν.
560 1258 638 1311 15.
673 1255 804 1311 οὐδὲ
843 1259 948 1327 γὰρ
990 1254 1131 1311 εἶναι
1171 1257 1490 1328 ἀνθρώπων
1519 1259 1581 1311 τὸ
1612 1258 1834 1329 πρᾶγμά

141 1367 300 1416 φημι,
340 1346 478 1399 ἀλλὰ
511 1352 863 1416 φλυαροῦσιν
903 1348 1086 1417 ὥσπερ
1126 1346 1216 1400 καὶ
1256 1348 1426 1401 τᾶλλα
1464 1349 1642 1401 πάντα
1682 1348 1738 1400 οὗ
1772 1347 1833 1400 τὸ

142 1439 309 1504 γελᾶν
342 1436 491 1489 ἴδιον
523 1435 829 1505 ἀνθρώπου
865 1435 1162 1504 τιθέμενοι.
1202 1437 1263 1489 τὸ
1298 1437 1561 1506 δακρύειν
1599 1437 1702 1507 γὰρ
1742 1434 1833 1489 καὶ

141 1526 202 1579 τὸ
244 1525 496 1594 οἰμώζειν
535 1527 797 1578 τίθεσθαι
838 1530 1049 1594 μᾶλλον
1096 1525 1274 1594 ἐχρῆν.
1321 1527 1523 1579 τούτου
1566 1527 1671 1596 γὰρ
1712 1524 1834 1589 ἄξια
1861 1549 1900 1581 ι5

140 1613 475 1684 πράττουσιν
523 1615 771 1677 ἅπαντες.
820 1614 849 1667 6
891 1611 950 1667 δὲ
998 1613 1192 1683 γέλως,
1239 1619 1390 1685 εἴπερ
1439 1613 1526 1667 ἐπὶ
1579 1623 1835 1684 χρηστοῖς

140 1706 350 1771 γίνεται
388 1703 730 1773 πράγμασιν,
777 1703 1071 1774 ἀλλότριον
1119 1703 1423 1774 ἀνθρώπου
1471 1704 1835 1757 παντάπασιν.

217 1824 287 1922 134
304 1819 377 1922 3c4f.
406 1822 440 1864 t.
466 1819 529 1864 IV
551 1834 596 1876 p.
623 1824 722 1874 631,
744 1825 795 1863 11
815 1820 870 1865 R.
904 1819 1007 1877 Lys.
1032 1820 1169 1864 Alc.I
1193 1836 1237 1877 p.
1260 1825 1438 1876 142‚16.
1472 1819 1688 1864 Aeschin.
1704 1819 1833 1864 ‘'s-im.

143 1894 188 1935 P·
275 1914 285 1933 2

261 1973 287 2011 8
320 1966 559 2020 ἀντίθεσις
590 1969 638 2012 in
670 1983 805 2026 marg
838 1968 930 2013 Va²
1053 1974 1104 2013 11
1139 1970 1252 2014 ἀνιᾶ
1284 1942 1344 2026 δτλ]
1376 1982 1517 2026 supra
1549 1968 1625 2026 ἐμὲ
1657 1969 1708 2013 δὲ
1743 1967 1834 2014 Va²

135 2115 140 2120 ,
262 2077 288 2115 2
323 2070 375 2116 δέ
404 2074 512 2128 post
542 2073 872 2124 καταναλώσας
905 2074 974 2118 Va
1002 2073 1094 2118 cdd
1155 2073 1306 2117 delevi
1428 2077 1454 2117 3
1486 2073 1591 2127 περὶ
1603 2073 1720 2118 ΟΖΜ

145 2136 170 2174 5
214 2129 359 2182 οὕτως
383 2132 488 2175 HV
625 2137 650 2176 6
687 2132 856 2177 τούτου
893 2132 1058 2189 scripsi
1091 2132 1181 2176 coll
1205 2135 1237 2176 t.
1262 2133 1326 2176 IV
1350 2132 1583 2187 219‚20R
1656 2131 1832 2176 τούτων

143 2190 252 2233 libri
285 2191 375 2234 cdd
410 2192 417 2247 Ι
452 2190 605 2236 αὐτῶν
637 2205 712 2235 om
739 2192 791 2236 ΟΖ
910 2197 935 2236 8
970 2192 1065 2248 ἐμοὶ
1097 2218 1149 2225 -
1183 2196 1328 2247 558,4
1360 2188 1668 2249 παραγίνεται
1698 2204 1831 2247 prac-

143 2249 295 2294 missis
335 2249 485 2293 verbis
523 2257 604 2307 τῆς
640 2250 825 2308 μελέτης
865 2252 915 2296 ἐν
945 2245 974 2310 ᾗ
1016 2251 1239 2303 δύσκολος
1277 2251 1591 2309 ἀποκηρύσσει
1629 2250 1712 2294 τὸν
1751 2249 1832 2294 διὰ

144 2309 195 2353 τὸ
229 2308 420 2353 ὄλισθον
453 2308 702 2367 (ὀλίσθημα
716 2313 752 2368 ?)
786 2311 929 2354 αὐτοῦ
963 2310 1219 2366 γελάσαντα
1249 2313 1399 2355 παῖδα
1425 2310 1516 2367 μελ.
1535 2312 1559 2353 λ
1585 2309 1702 2354 citai’,
1731 2309 1831 2353 Ma-

142 2368 294 2412 carius
327 2367 726 2425 Chrysocephalus
762 2369 840 2414 fol.
869 2374 944 2413 86¹r
986 2371 992 2428 Ι
1035 2370 1085 2415 δὲ
1119 2384 1194 2414 om
1225 2369 1385 2414 Macar
1426 2374 1433 2427 Ι
1475 2367 1698 2426 μεγίστων
1731 2369 1832 2413 Mor

147 2428 151 2485 Ι
187 2425 322 2471 τοῦτό
354 2444 409 2484 με
441 2454 495 2459 -
531 2433 584 2472 12
617 2431 758 2484 γελῶν
792 2443 866 2472 om
899 2429 1059 2473 Macar
1180 2434 1234 2473 1Ο
1266 2429 1436 2486 λάγνος
1467 2428 1630 2485 scripsi
1656 2441 1681 2472 c
1704 2429 1832 2473 BVa

145 2487 262 2532 OzM
333 2487 502 2543 λάγνης
524 2487 629 2530 HV
701 2487 860 2545 λάγνις
898 2489 988 2532 cdd
1037 2490 1045 2547 Ι
1095 2486 1179 2547 ὢν]
1220 2490 1342 2534 ἐστιν
1376 2489 1428 2534 Ol
1476 2491 1482 2546 Ι
1531 2487 1633 2539 υἱὸς
1666 2488 1783 2533 GlM
1819 2487 1828 2556 Ι

143 2546 255 2604 ἀνιᾷ
287 2546 412 2590 inser
436 2546 516 2590 My
587 2560 663 2591 om
690 2547 741 2592 Ol
885 2552 936 2592 11
971 2561 1152 2593 comma
1191 2550 1299 2605 post
1337 2550 1480 2604 γελῶν
1512 2547 1603 2591 edd
1680 2545 1832 2591 delevi

149 2606 152 2663 Ι
189 2607 344 2662 γελῶν,
371 2604 444 2648 ἐπ’
467 2605 568 2662 ἐμοὶ
592 2606 642 2651 δὲ
669 2608 747 2663 (sc.
766 2609 923 2664 γελῶν)
949 2608 1053 2651 coni
1077 2607 1144 2651 Re
1206 2610 1362 2664 γελῶν,
1380 2609 1522 2663 γελῶν
1546 2605 1707 2650 Iacobs
1724 2605 1831 2648 Add

146 2669 228 2708 173
261 2666 367 2721 App
399 2664 511 2708 Pors
544 2665 646 2708 Adv
672 2669 757 2709 298
788 2666 901 2710 Lech
927 2671 1007 2710 131
1054 2670 1060 2724 Ι
1102 2669 1274 2723 μᾶλλον
1298 2693 1354 2699 ——
1382 2670 1434 2709 13
1468 2682 1588 2722 φημι
1619 2665 1668 2708 in
1698 2679 1832 2723 marg

153 2724 244 2768 Va*
304 2737 379 2767 om
407 2724 462 2768 Ol
593 2730 646 2768 12
679 2724 788 2770 οὐδὲ
820 2751 875 2757 -
910 2730 964 2769 13
990 2727 1129 2785 φημι]
1169 2726 1278 2770 οὐδὲ
1311 2725 1399 2782 γὰρ
1434 2724 1686 2781 ἄνθρωπος
1716 2730 1830 2769 νοῦν

145 2781 261 2839 ἔχων
300 2785 407 2843 γελᾷ
447 2782 607 2826 Macar
645 2783 702 2828 cf.
734 2799 779 2841 p.
806 2789 905 2839 556,
926 2789 979 2828 18
1124 2790 1178 2828 13
1221 2781 1361 2828 τᾶλλα
1384 2785 1441 2827 Η
1580 2788 1634 2827 14
1678 2784 1729 2827 δὲ
1764 2785 1832 2828 Va

267 2847 320 2885 15
354 2843 591 2898 οἰμώττειν
615 2844 721 2888 HV
762 2846 769 2899 1
816 2842 1039 2888 τίθεσθαι
1071 2858 1146 2888 om
1173 2844 1289 2889 GZM
1415 2847 1468 2887 16
1501 2842 1577 2887 ἐπὶ
1609 2842 1775 2898 scripsi
1806 2855 1831 2886 c

146 2901 390 2946 BVaon
411 2901 570 2945 Macar
592 2903 646 2945 ut
670 2903 774 2946 coni
791 2903 859 2946 Rc
921 2917 995 2947 om
1017 2904 1118 2949 HV
1173 2903 1271 2956 ἐπεὶ
1296 2902 1386 2946 edd
1509 2907 1561 2944 17
1594 2901 1832 2959 πράγμασι

147 2959 237 3002 edd
287 2963 293 3016 Ι
344 2958 582 3015 ἀλλότριον
606 2987 660 2993 -
685 2961 985 3006 παντάπασιν
1025 2977 1099 3006 om
1134 2963 1186 3008 Ol
1234 2965 1241 3019 Ι
1289 2961 1561 3007 παντάπασι
1600 2961 1690 3004 edd
