2010 3168
948 582 1168 636 XXVII.

320 706 629 754 Declamatio
683 706 922 768 inscripta
975 706 1279 765 Δύσκολος
1340 705 1607 756 ὤλισθεν.
1674 704 1699 756 ὁ
1760 711 1897 766 παῖς

209 777 409 846 παρὼν
440 777 686 846 ἐγέλασε.
719 778 815 828 καὶ
846 777 1243 845 ἀποκηρύττει
1275 779 1454 829 αὐτόν
1487 798 1585 843 qua
1613 797 1834 830 morosus
1867 797 1897 829 a

209 856 385 903 senatu
425 855 555 916 petit
596 856 654 901 ut
701 854 1062 903 abdicationem
1105 854 1195 902 filii
1235 855 1322 916 qui
1361 855 1419 904 de
1459 855 1565 917 ipso
1605 856 1745 918 lapso
1784 855 1897 903 risit

207 931 370 976 ratam
400 929 556 976 faciat
567 922 624 995 ¹),
656 930 751 976 etsi
780 929 942 977 minus
975 945 1123 991 quam
1159 929 1296 991 prior
1325 931 1492 977 tamen
1525 930 1695 978 amicis
1726 931 1894 978 facun-

208 1002 318 1051 diae
350 1002 655 1051 Libanianae
687 1005 807 1051 satis
840 1005 984 1066 grata
1014 1003 1124 1051 fuit.
1157 1003 1334 1065 Itaque
1365 1019 1463 1052 non
1497 999 1751 1066 ‘corporis’
1786 1003 1894 1051 fini-

207 1077 298 1124 bus
345 1078 558 1125 coercita
590 1079 686 1138 est,
725 1077 811 1125 sed
841 1078 894 1124 in
926 1078 1201 1139 complures
1235 1073 1469 1141 ‘eclogas'
1509 1078 1731 1139 transiit,
1775 1093 1896 1139 qua-

207 1168 317 1199 rum
348 1152 494 1199 unius
525 1151 603 1200 vel
636 1151 733 1198 dux
764 1152 897 1199 facta
931 1153 1024 1212 est,
1062 1153 1184 1214 quin
1217 1153 1366 1200 etiam
1401 1148 1663 1200 ‘solitaria'
1698 1153 1894 1201 mansit.

208 1226 417 1288 Magnus
463 1226 618 1289 igitur
664 1225 887 1274 codicum
932 1241 1162 1274 numerus
1210 1229 1285 1274 est
1331 1227 1508 1288 quibus
1565 1227 1625 1274 ad
1675 1236 1895 1275 nostram

208 1302 423 1348 aetatem
453 1301 692 1362 pervenit.
764 1299 890 1348 Sunt
923 1302 1088 1348 autem
1119 1301 1173 1347 hi
1206 1302 1297 1349 30:

316 1374 507 1436 Incipio
541 1390 571 1421 a
604 1370 997 1436 ‘corporalibus'.

320 1451 366 1496 1.
421 1448 1012 1510 Hierosolymitanus
1066 1448 1392 1497 bibliothecae
1445 1448 1790 1510 patriarchalis
1847 1447 1893 1496 S.

208 1521 481 1584 Sepulcri
510 1524 612 1571 107
633 1518 728 1589 (=
745 1517 817 1590 H)
836 1539 958 1571 saec.
976 1523 1094 1571 XIV
1117 1523 1202 1571 fol.
1228 1525 1346 1571 110.
1385 1522 1505 1570 Vide
1529 1523 1687 1585 t.Vp.
1710 1523 1892 1585 150sq.

209 1595 424 1645 Contuli.

318 1673 364 1719 2.
397 1670 726 1719 Vaticanus
759 1687 830 1735 gr.
867 1672 971 1719 940
1005 1664 1099 1737 (--
1126 1665 1194 1737 V)
1227 1686 1350 1719 saec.
1375 1671 1494 1718 XIV
1523 1671 1609 1719 fol.
1638 1671 1718 1719 96.
1768 1670 1894 1718 Vide

205 1747 241 1793 t.
264 1744 311 1791 V
341 1762 389 1807 p.
418 1746 520 1792 152
541 1760 612 1807 sq.
677 1743 888 1793 Contuli.
969 1742 973 1746 ’

319 1821 364 1867 3.
398 1819 770 1867 Monacensis
803 1837 873 1883 gr.
901 1820 966 1868 96
1004 1813 1098 1886 (=
1124 1813 1263 1885 Mon)
1297 1835 1420 1868 saec.
1445 1819 1563 1867 XVI
1594 1818 1678 1868 fol.
1708 1820 1811 1867 104
1852 1818 1893 1866 si

206 1909 304 1940 non
343 1909 400 1940 ex
438 1893 547 1956 ipso
579 1892 825 1941 Vaticano
857 1910 927 1956 gr.
957 1895 1062 1942 940
1096 1896 1224 1942 certe
1257 1909 1314 1941 ex
1353 1894 1456 1941 eius
1495 1894 1649 1941 fratre
1682 1892 1892 1956 gemello

206 1966 495 2029 descriptus.
553 1965 773 2015 Collatus
815 1969 889 2016 est
921 1983 950 2014 a
980 1967 1197 2029 Reiskio,
1229 1969 1316 2030 qui
1348 1984 1457 2015 eum
1492 1967 1790 2016 Bavaricum
1821 1981 1892 2014 se-

206 2041 416 2089 cundum
461 2041 763 2104 appellatum
807 2042 978 2090 littera
1016 2042 1057 2088 B
1097 2042 1378 2104 insignivit,
1426 2044 1475 2090 et
1505 2041 1710 2089 Parisiis
1740 2039 1893 2088 redux

205 2115 365 2162 factus
399 2131 525 2163 anno
562 2116 700 2162 1816
736 2131 765 2162 a
796 2116 874 2163 Fr.
907 2115 1146 2164 Iacobsio.
1213 2115 1334 2164 Vide
1365 2119 1401 2164 t.
1434 2116 1479 2162 V
1509 2133 1556 2178 p.
1586 2117 1690 2164 364
1710 2130 1779 2176 sq.

316 2189 390 2236 Ex
422 2189 592 2236 eodem
625 2189 788 2237 codice
820 2189 1095 2252 descriptus
1128 2193 1202 2238 est
1352 2200 1355 2201 ’

317 2265 364 2312 4.
396 2263 776 2311 Matritensis
815 2263 1010 2312 N-13o
1042 2280 1166 2312 saec.
1199 2263 1316 2311 XVI
1348 2264 1431 2311 fol.
1461 2264 1579 2311 166.
1642 2262 1767 2309 Vide
1800 2264 1834 2310 t.
1867 2261 1891 2307 I

204 2353 251 2398 p.
277 2337 382 2384 428
401 2352 471 2399 sq.
505 2339 554 2384 et
583 2339 619 2384 t.
644 2337 690 2383 V
720 2354 767 2399 p.
795 2339 915 2386 364.

326 2494 367 2549 1)
416 2492 484 2536 De
530 2494 804 2549 argumento
851 2507 964 2546 non,
1009 2495 1062 2536 ut
1107 2493 1192 2537 Th.
1232 2493 1435 2537 Kockius
1482 2492 1637 2536 Herm.
1668 2490 1773 2534 XXI
1805 2495 1890 2534 394

206 2551 406 2606 censuit,
440 2565 495 2595 ex
525 2565 620 2594 una
652 2551 891 2595 comoedia
930 2552 1088 2596 Attica
1118 2552 1266 2608 petito
1298 2552 1423 2596 idem
1453 2551 1580 2595 valet
1618 2550 1742 2606 quod
1783 2563 1887 2593 con-

205 2611 407 2654 sentiens
433 2625 535 2654 cum
554 2611 606 2654 A.
626 2610 838 2655 Nauckio
856 2611 1226 2668 (Bemerkungen
1251 2626 1306 2654 zu
1331 2610 1460 2654 Kock
1484 2610 1554 2654 Fr.
1575 2609 1695 2654 Com.
1722 2623 1766 2664 p.
1788 2611 1888 2666 142)

206 2670 263 2713 de
308 2669 461 2726 priore
508 2669 845 2713 declamatione
886 2685 1024 2727 supra
1066 2686 1109 2726 p.
1136 2674 1223 2715 494
1267 2670 1376 2714 dixi.
1447 2669 1648 2713 Facilius
1697 2668 1889 2710 mimum

206 2729 437 2783 quendam
477 2743 637 2772 ansam
676 2729 871 2773 Libanio
919 2729 1102 2773 dedisse
1142 2729 1391 2774 conieceris
1437 2728 1510 2785 (cf.
1550 2743 1595 2784 p.
1626 2729 1888 2782 558‚6sq.)‚

206 2788 287 2831 sed
318 2787 395 2832 hic
426 2801 609 2843 quoque
637 2788 685 2831 in
717 2788 821 2844 ipsa
852 2801 1048 2844 persona
1081 2787 1306 2833 δυσκόλου
1338 2787 1641 2832 describenda
1665 2785 1889 2830 nonnulla

207 2846 474 2890 comoediae
498 2847 696 2900 Atticae,
727 2846 863 2903 plura
894 2848 1053 2903 generi
1083 2847 1346 2891 litterarum
1374 2847 1499 2902 quod
1522 2842 1889 2903 χαρακτηρισμός

206 2905 471 2962 appellatur
499 2903 615 2949 'eum
655 2905 821 2950 debere
862 2906 1150 2950 crediderim.
1215 2905 1471 2964 Singularis
1510 2904 1736 2961 quaedam
1782 2917 1886 2946 cum

205 2963 398 3007 Timone
431 2965 479 3020 (t.
505 2964 547 3008 V
572 2969 654 3008 529
674 2966 758 3021 sq.)
791 2964 1047 3008 similitudo
1078 2964 1218 3009 facile
1249 2965 1520 3022 explicatur.
