2010 3168
0 3114 13 3168 ''³¹-
0 3018 13 3088 'VN

569 117 1035 163 ATHENIENSIUM
1066 115 1363 161 DEFENSIO
1746 115 1813 168 61

127 256 432 326 λομένοις
503 255 726 318 αὐτοῖς
796 253 932 307 ἐστι
1004 256 1363 306 καθελοῦσι
1425 254 1538 305 τὸν
1605 252 1816 323 κύκλῳ

123 347 484 415 περίβολον
537 343 909 413 ἀτείχιστον
962 343 1079 411 τὴν
1132 344 1327 395 πόλιν
1382 343 1615 409 οἰκεῖν,
1662 338 1811 393 ταῦτ’

126 433 493 504 ἐψηφισμένοι
532 435 663 496 τοὺς
693 431 959 502 ἐροῦντας
991 432 1127 485 αὐτὰ
1159 432 1250 485 καὶ
1281 433 1417 499 πρὸς
1448 431 1818 492 Ποτιδαιάτας

127 522 493 593 ἐξεπέμπομεν
527 521 784 591 πρέσβεις
822 520 912 574 καὶ
953 524 1059 574 σὺν
1101 529 1217 583 τοῖς
1247 519 1508 590 πρέσβεσι
1540 520 1819 589 στρατιάν,

127 611 223 681 ἵν’,
257 614 304 665 εἰ
335 613 407 681 μὴ
441 613 628 679 λόγοις
660 611 981 664 σύνθωνται
1012 608 1349 677 πεισθέντες,
1379 615 1454 681 τῷ
1488 617 1627 677 γοῦν
1659 610 1818 680 φόβῳ

126 711 238 754 τῶν
292 701 480 754 ὅπλων
532 700 859 762 ὑποκύψωσι
914 698 1252 768 βιασθέντες.
1318 699 1402 751 17.
1457 698 1524 751 οὐ
1578 700 1750 760 πολὺς
1790 696 1817 750 ὁ

126 792 259 860 μετὰ
282 797 452 843 ταῦτα
484 792 700 859 χρόνος,
729 787 821 842 καὶ
852 796 1107 859 παρῆσαν
1139 789 1197 841 οἱ
1222 787 1495 857 πρέσβεις,
1528 795 1820 857 συμπαρῆν

126 878 156 933 ὁ
211 881 463 948 στρατός,
526 880 683 947 λόγοι
745 877 1034 947 ἐγίγνοντο
1095 878 1185 930 καὶ
1248 875 1464 930 ἀπειλαὶ
1522 878 1655 946 μετὰ
1708 886 1820 928 τῶν

127 970 323 1036 λόγων.
400 969 765 1022 Ποτιδαιᾶται
805 963 853 1019 δ’
894 965 1166 1037 ἑτέρωθεν
1199 965 1402 1035 ἑώρων,
1442 966 1665 1034 ἤκουον,
1707 964 1819 1034 ἐγέ-

128 1061 263 1111 λων·
302 1058 480 1110 πάντα
517 1052 586 1125 ἧν
633 1057 836 1127 μακρὸς
883 1060 1048 1126 λῆρος
1096 1055 1307 1123 αὐτοῖς,
1353 1054 1443 1108 καὶ
1485 1052 1527 1109 ὦ
1566 1055 1818 1123 παῖδες,

125 1144 344 1214 ἔλεγον,
390 1145 752 1214 Ἀθηναῖοι,
800 1147 854 1199 εἰ
900 1147 1152 1199 δοκεῖτε
1198 1148 1549 1207 πείθοντες
1588 1146 1749 1213 ἡμᾶς
1787 1144 1820 1213 ἢ

126 1236 466 1304 βιάζοντες
515 1236 1077 1304 παραστήσασθαι.
1132 1236 1252 1288 τότε
1290 1235 1430 1302 πρὸς
1474 1233 1692 1295 τούτοις
1728 1231 1819 1285 καὶ

128 1325 181 1377 οἱ
206 1322 267 1377 ἐν
299 1326 565 1392 γειτόνων
598 1322 833 1393 ὁρῶντες
848 1322 1136 1376 Ὀλύνθιοι
1161 1324 1488 1376 κατακούειν
1506 1321 1820 1390 Ἀθηναίων

128 1413 481 1481 ἀφίστανται·
535 1413 624 1465 καὶ
672 1413 732 1465 τὸ
780 1414 951 1466 κακὸν
998 1414 1065 1481 δὴ
1111 1420 1301 1480 τοῦτο,
1358 1413 1539 1479 ὥσπερ
1588 1413 1721 1464 ἄλλο
1767 1430 1819 1463 τι

127 1505 364 1571 νόσημα,
403 1505 712 1571 προβαῖνον
751 1503 974 1555 ἅπτεται
1011 1500 1102 1554 καὶ
1143 1500 1489 1567 Χαλκιδέων,
1529 1499 1619 1553 καὶ
1660 1498 1819 1553 αὐτοὶ

128 1592 583 1659 συναφίστανται.
631 1593 752 1644 τότε
794 1591 861 1659 δὴ
902 1589 993 1643 καὶ
1033 1588 1384 1661 Ἀλέξανδρος
1430 1593 1593 1658 φίλος
1641 1588 1721 1642 ὢν
1762 1590 1822 1643 ἐκ

128 1681 421 1749 προγόνων
459 1687 534 1751 τῷ
580 1680 733 1752 δήμῳ
772 1679 1033 1749 πολέμιος
1072 1682 1301 1747 γίνεται,
1341 1678 1430 1732 καὶ
1471 1678 1650 1732 πάντα
1688 1680 1821 1748 ἡμῖν

129 1768 310 1822 ἐνόσει
370 1769 435 1821 τὰ
507 1768 566 1821 ἐν
633 1767 821 1839 Θρᾴκῃ
885 1770 1175 1838 πράγματα
1241 1769 1299 1822 ἐκ
1354 1770 1659 1831 Ποτιδαίας
1719 1769 1820 1837 τὴν

128 1858 352 1926 πρώτην
391 1856 677 1926 ἀρξάμενα.

245 1946 327 1999 18.
374 1950 500 2009 Τοῖς
540 1944 600 1999 δὲ
641 1947 708 2014 δὴ
740 1948 1012 2010 τοιούτοις
1050 1948 1150 2016 μὲν
1190 1944 1352 2000 οὖσιν
1393 1948 1599 2015 αὐτοῖς,
1637 1948 1821 2000 τοιού-

129 2054 241 2088 των
281 2035 342 2088 δὲ
379 2035 470 2088 καὶ
509 2036 844 2104 πραγμάτων
882 2035 1016 2105 ἡμῖν
1046 2036 1430 2105 γεγενημένοις
1463 2037 1660 2099 αἰτίοις
1698 2038 1821 2089 τίνα

129 2144 212 2186 τις
250 2123 559 2192 ἐπενεγκὼν
597 2127 865 2193 τιμωρίαν
896 2122 1086 2188 ἔδοξεν
1117 2125 1188 2178 ἂν
1218 2127 1320 2193 τὴν
1351 2126 1571 2178 δικαίαν
1604 2124 1821 2192 ἐπενεγ-

129 2222 271 2277 κεῐν;
311 2214 471 2266 ἄλλοι
508 2213 610 2280 μὲν
650 2209 754 2266 οὖν
795 2218 925 2276 ἴσως
962 2214 1161 2276 πάντες
1200 2223 1368 2282 φαῖεν
1406 2214 1476 2267 ἂν
1513 2212 1639 2282 μηδ’
1678 2210 1821 2267 εἶναι

129 2301 230 2368 τὴν
270 2302 491 2354 δικαίαν
530 2300 800 2371 ἐνταῦθα,
850 2302 1220 2371 ὑπερβάλλειν
1266 2304 1369 2372 γὰρ
1417 2305 1561 2356 πολὺ
1601 2304 1664 2355 τὸ
1704 2303 1829 2355 ἀδί-

129 2409 290 2458 κημα,
330 2390 403 2452 ὡς
442 2388 532 2443 καὶ
574 2390 744 2443 αὐτὸν
782 2390 1031 2444 θάνατον
1068 2392 1269 2461 μικρὸν
1307 2388 1449 2445 εἶναι
1489 2392 1626 2459 πρὸς
1656 2399 1820 2445 τοῦτο

253 2555 274 2592 1
310 2550 452 2594 Thuc.
479 2551 500 2594 1
524 2555 579 2595 56
704 2556 757 2595 15
790 2551 934 2595 Thuc.
958 2551 980 2594 I
1004 2556 1058 2595 58
1183 2556 1237 2595 16
1270 2551 1413 2595 Thuc.
1439 2551 1459 2594 Ι
1484 2556 1538 2594 57

251 2704 277 2742 3
309 2699 389 2742 καὶ
421 2698 700 2743 delendum?
843 2704 869 2742 4
901 2707 998 2750 τοῖς
1028 2700 1201 2744 inserui
1235 2714 1259 2744 e
1284 2701 1375 2745 LV
1437 2715 1512 2744 om
1546 2699 1683 2743 Schm

135 2761 158 2801 7
192 2773 304 2812 μετα
328 2759 423 2801 LV
558 2764 609 2801 11
645 2758 684 2802 εἰ
716 2760 892 2803 δοκεῖτε
924 2759 1090 2815 scripsi
1115 2772 1140 2802 e
1166 2761 1263 2804 LV
1319 2759 1520 2803 ἐδοκεῖτε
1554 2759 1692 2802 Schm

133 2821 188 2860 12
228 2817 409 2867 τούτοις
447 2817 611 2873 scripsi
651 2816 755 2861 coll.
787 2833 832 2874 p.
859 2822 1002 2873 68,11
1080 2818 1273 2870 τούτους
1296 2819 1390 2861 LV
1419 2819 1555 2862 Schm
1606 2820 1611 2874 Ι
1662 2819 1820 2861 καὶ-

135 2879 190 2918 14
215 2873 498 2930 ἀφίστανται
520 2876 696 2921 inserui
722 2891 745 2919 e
764 2877 859 2919 LV
915 2891 991 2920 om
1009 2877 1147 2921 Schm
1270 2882 1324 2921 15
1349 2875 1634 2949 χαλκιδαίων
1660 2879 1704 2921 L

134 2937 190 2978 18
223 2935 272 2978 ἐν
305 2934 471 2991 scripsi
503 2935 606 2979 coll.
638 2950 682 2991 p.
712 2939 780 2988 70,
800 2941 854 2979 22
917 2936 990 2981 ἐπὶ
1019 2936 1114 2980 LV
1142 2936 1280 2980 Schm
1402 2941 1457 2980 23
1490 2937 1551 2993 μὴ
1583 2933 1628 2979 δ’
1668 2937 1711 2979 V

1844 1078 1887 1109 10

1846 1523 1886 1555 15

1846 1968 1891 2000 20

1846 2412 1888 2444 85
