2010 3168
917 747 1035 801 XV.

133 872 353 936 Νόμος
406 871 608 921 καλοῦ
662 871 815 937 βίου
870 866 1064 936 γέρας
1119 861 1288 920 εἶναι
1343 868 1446 920 καὶ
1501 864 1826 935 ἀμφισβη-

133 964 322 1011 τοῦσι
361 958 521 1027 πρὸς
563 956 885 1025 ἀλλήλους
929 955 1229 1026 Κέφαλος
1267 957 1371 1010 καὶ
1412 955 1826 1025 Ἀριστοφῶν.

817 1075 1136 1144 Κέφαλος.

249 1197 294 1248 1.
321 1193 434 1248 Ἐπ’
467 1196 615 1265 αἰτίᾳ
645 1192 748 1262 μὲν
777 1195 1033 1264 οὐδαμῶς
1063 1193 1191 1263 παρ’
1222 1194 1357 1264 ὑμῖν
1389 1194 1645 1263 ἐκρίθην,
1700 1198 1756 1242 Η.
1780 1197 1915 1242 ΙΧ48

134 1281 175 1338 ὦ
209 1285 407 1350 ἄνδρες
445 1282 746 1353 Ἀθηναῖοι,
785 1281 922 1353 μηδὲ
961 1287 1221 1353 κριθείην
1251 1282 1400 1351 ποτέ,
1440 1284 1679 1352 βεβίωκα
1718 1284 1822 1352 γὰρ
1872 1304 1890 1336 5

134 1373 308 1436 οὕτως
362 1374 502 1426 ὥστε
555 1370 693 1442 μηδὲ
749 1372 1071 1444 συκοφάντῃ
1127 1382 1428 1443 παρασχεῖν
1477 1373 1654 1434 αἰτίας
1699 1374 1826 1441 πρό-

134 1477 309 1531 φασιν
346 1462 379 1531 ἢ
419 1461 687 1531 μέμψεως,
727 1462 829 1530 τὴν
863 1460 944 1515 ἐπ’
983 1461 1145 1532 ἀρετῇ
1180 1458 1239 1514 δὲ
1271 1462 1476 1530 ταύτην
1508 1464 1695 1531 κρίσιν
1727 1462 1827 1514 οὐκ

133 1549 201 1603 ἂν
257 1549 623 1618 ἀπαξιώσαιμι
677 1551 750 1613 ὡς
804 1551 1063 1604 ὑπαιτίου
1118 1547 1220 1620 μὲν
1275 1550 1640 1618 ἀγωνίζεσθαι
1703 1548 1826 1619 περὶ

134 1641 412 1709 τιμωρίας,
454 1641 634 1709 ὥσπερ
675 1638 1037 1710 Ἀριστοφῶν,
1078 1640 1297 1707 ἀγαθοῦ
1338 1639 1399 1692 δὲ
1437 1637 1562 1708 περὶ
1603 1639 1827 1708 δωρεᾶς,

133 1728 206 1791 ὡς
256 1727 376 1797 ἐγώ.
453 1730 502 1782 2.
551 1731 664 1782 ἔστι
710 1729 812 1796 μὲν
858 1725 963 1782 οὖν
1011 1727 1286 1797 ἐπιεικῶς,
1334 1726 1375 1782 ὦ
1425 1729 1623 1798 ἄνδρες
1668 1726 1826 1797 Άθη-
1852 1751 1896 1783 10

133 1826 305 1883 ναῖοι,
352 1819 413 1872 τὸ
462 1818 595 1871 αὐτὸ
643 1817 733 1871 καὶ
781 1819 1165 1887 σεμνολόγημά
1212 1838 1306 1888 μοι
1359 1818 1498 1887 πρὸς
1551 1817 1685 1870 ὅλον
1730 1817 1827 1869 τὸν

133 1908 258 1974 βίον
296 1905 388 1959 καὶ
427 1905 736 1974 ἐναντίωμα
775 1908 912 1977 πρὸς
957 1908 1059 1976 τὴν
1108 1915 1397 1976 παροῦσαν
1443 1909 1652 1976 κρίσιν,
1691 1904 1827 1974 Ἀρι-

255 2069 343 2112 Ma
367 2090 423 2105 =
449 2067 603 2112 Codex
635 2067 923 2112 Matritensis
955 2072 1070 2112 4679
1105 2068 1216 2112 olim
1249 2067 1388 2111 N-49

253 2129 298 2172 P
366 2149 422 2164 =
454 2126 692 2171 Parisinus
725 2142 792 2184 gr.
819 2131 934 2172 2998

251 2279 277 2319 8
309 2276 422 2320 Xen.
457 2275 695 2320 Anab.111
721 2281 805 2331 1‚5
929 2281 981 2319 11
1022 2276 1079 2319 cf.
1112 2291 1155 2332 p.
1186 2279 1284 2330 120,
1307 2280 1384 2330 14;
1420 2279 1584 2330 154‚6;
1622 2279 1765 2329 162,3

251 2423 461 2468 Titulum
493 2437 632 2480 quem
665 2425 774 2469 ante
797 2423 1148 2481 Aristophontis
1174 2423 1452 2482 antilogiam
1483 2423 1712 2480 praebent
1739 2423 1827 2467 Ma

133 2483 179 2526 P
198 2483 289 2527 huc
312 2482 579 2539 transposui
674 2488 695 2525 1
722 2482 884 2540 Νόμος
901 2510 955 2516 -
975 2488 1000 2526 2
1015 2480 1311 2542 Ἀριστοφῶν]
1332 2483 1398 2534 εἰς
1420 2483 1471 2527 τὸ
1497 2480 1712 2528 ἐναντίον
1738 2482 1827 2526 Ma

133 2543 178 2586 P
252 2541 412 2599 Νόμος
450 2556 524 2586 om
559 2543 698 2587 MaP
768 2542 942 2587 inserui
982 2542 1074 2587 coll
1109 2543 1172 2587 Io.
1205 2542 1383 2599 Doxap.
1425 2541 1473 2585 in
1513 2541 1729 2616 Hermog.
1769 2542 1826 2586 de

133 2602 240 2644 stat.
284 2602 383 2645 eod.
417 2601 555 2645 Vind.
596 2601 711 2658 phil.
752 2616 819 2659 gr.
856 2606 940 2646 130
978 2602 1046 2646 fol
1080 2606 1164 2646 104
1207 2603 1288 2647 καὶ
1325 2600 1467 2647 πάλιν
1507 2599 1653 2658 νόμου
1693 2599 1827 2652 ὄντος

131 2660 213 2704 τὸν
254 2662 403 2712 καλῶς
443 2658 698 2719 βεβιωκότα
737 2659 875 2718 γέρας
913 2659 1324 2720 λαβεῖν’Κέφαλος
1361 2661 1442 2705 καὶ
1467 2658 1767 2716 Ἀριστοφῶν,
1801 2659 1824 2703 ὁ

133 2717 216 2775 μὲν
247 2719 419 2771 πολλὰς
449 2718 636 2777 γραφὰς
666 2721 861 2777 γραφεὶς
892 2721 972 2764 καὶ
1005 2720 1055 2764 ἐν
1087 2722 1289 2782 μηδεμιᾷ
1319 2720 1459 2771 ἁλοὺς
1483 2718 1507 2763 ὀ
1534 2716 1824 2775 Ἀριστοφῶν,

133 2777 157 2821 ὁ
192 2777 242 2823 δὲ
275 2778 336 2835 μὴ
368 2777 492 2832 ἅπαξ
524 2779 721 2836 γραφεὶς
751 2779 776 2823 ὁ
808 2778 1039 2834 Κέφαλος,
1070 2780 1414 2838 ἀμφισβητοῦσι
1435 2783 1518 2823 τοῦ
1542 2778 1684 2835 γέρως
1711 2780 1717 2834 Ι
1745 2779 1824 2822 καὶ

133 2850 208 2880 om
235 2839 323 2882 Ma
445 2842 470 2881 5
503 2839 733 2895 ἀθηναῑοι
764 2851 840 2882 om
867 2840 955 2883 Ma
993 2840 998 2895 Ι
1038 2838 1097 2896 μὴ
1131 2837 1182 2884 δὲ
1211 2841 1347 2884 ΜαΡ
1464 2843 1489 2882 6
1523 2836 1586 2881 ὥσ
1614 2840 1703 2882 Μα
1729 2839 1735 2892 Ι
1763 2836 1822 2893 μὴ

133 2894 185 2940 δὲ
211 2897 349 2941 ΜαΡ
466 2902 517 2940 11
553 2894 871 2954 σεμνολόγημα
904 2897 1005 2955 ἐμοὶ
1037 2897 1147 2941 olim
1181 2898 1346 2955 scripsi

1407 2971 1464 3014 8*
