2010 3168
383 127 609 175 MOROSI
639 129 720 174 DE
751 128 957 174 UXORE
989 128 1252 184 LOQUAGI
1283 129 1565 183 QUERELA
1692 124 1802 184 495

114 271 387 336 figurarum
427 270 570 332 copia
601 270 844 333 splendet,
875 269 950 319 ita
979 270 1077 319 iam
1113 271 1245 334 apud
1270 274 1458 320 veteres
1481 271 1612 319 inter
1637 287 1803 320 omnes

112 346 332 408 palmam
362 345 497 394 tulit.

225 426 375 476 Cuius
406 426 480 474 rei
508 428 660 474 testes
692 429 809 475 sunt
839 427 1036 475 litterae
1077 427 1297 475 alternae
1338 443 1459 489 quas
1500 427 1559 475 de
1598 443 1658 482 ea
1691 427 1803 476 Ba-

112 502 291 552 silius
324 503 374 549 et
395 500 690 549 Libanius
714 501 965 563 personati
990 501 1293 564 scripserunt
1319 495 1416 568 (ep.
1439 502 1800 550 1596—1599

113 575 184 624 ed.
217 576 367 623 Wolf.
381 569 421 642 ¹)
476 575 606 623 Nam
653 591 778 637 quae
813 570 1078 640 [Basilius]
1129 590 1203 638 ep.
1241 577 1380 624 1596
1416 576 1587 624 scribit
1620 574 1804 625 Πολλοὶ

110 647 445 717 περιτυχόντες
484 645 604 714 ἡμῖν
642 656 740 698 τῶν
780 648 960 698 αὐτόθι
1006 648 1298 713 ἐθαύμασάν
1344 663 1433 698 σου
1482 649 1574 714 τὴν
1612 647 1665 698 ἐν
1702 654 1804 709 τοῖς

110 722 272 790 λόγοις
305 721 495 790 ἀρετήν.
528 722 693 788 ε’λεγον
723 722 814 789 γὰρ
846 722 1081 783 ἐπίδειξίν
1111 742 1220 772 τινα
1250 728 1546 789 γεγενῆσθαι
1577 722 1804 790 λαμπρὰν

110 795 260 863 ἄγαν,
299 795 382 846 καὶ
421 795 555 863 ἀγὼν
594 789 684 862 ἦν,
724 795 790 856 ὡς
829 797 1071 862 ἔφασκον,
1112 796 1358 864 μέγιστος,
1399 795 1466 857 ὡς
1496 798 1682 857 πάντας
1715 795 1805 862 μὲν

109 872 425 937 συνδραμεῖν,
457 869 647 936 μηδένα
680 867 725 920 δ’
762 870 924 938 ἕτερον
965 871 1019 921 ἐν
1050 876 1109 938 τῇ
1149 870 1286 921 πόλει
1326 880 1552 937 φανῆναι
1583 869 1615 937 ἢ
1650 871 1804 937 μόνον

109 946 360 1012 Λιβάνιον
399 943 577 1013 ἀγωνι
562 945 761 1010 φάμενον
800 945 882 995 καὶ
920 955 1084 995 πᾶσαν
1124 943 1320 1010 ἡλικίαν
1367 944 1701 1011 ἀκροωμένην.
1744 946 1803 996 οὐ

107 1019 198 1086 γὰρ
231 1018 374 1085 ἠξίου
406 1039 477 1079 τις
508 1019 598 1080 ἔξω
630 1027 728 1069 τῶν
759 1019 967 1086 ἀγώνων
997 1018 1229 1087 γενέσθαι
1261 1020 1354 1070 οὐκ
1378 1019 1690 1085 ἄξιώματος’
1676 1019 1803 1091 όγκῳ

112 1094 293 1157 συνών,
326 1093 384 1144 οὐ
418 1098 777 1159 στρατιωτικοῖς
814 1094 1099 1161 καταλόγοις
1139 1093 1416 1169 ἐμπρέπων,
1450 1093 1509 1144 οὐ
1534 1096 1805 1160 βαναύσοις

107 1168 294 1234 τέχναις
326 1169 584 1234 σχολάζων.
616 1166 715 1233 ἤδη
750 1166 802 1218 δὲ
834 1167 914 1218 καὶ
945 1173 1174 1235 γυναῖκες
1200 1174 1429 1236 παρεῖναι
1453 1169 1803 1235 κατηπείγοντο

107 1247 208 1303 τοῖς
254 1241 408 1309 ἀγῶσι
453 1244 580 1291 116110
626 1244 1034 1292 declamationem
1082 1246 1322 1307 respicere
1379 1245 1646 1293 ostendunt
1692 1260 1800 1292 cum

109 1333 237 1380 quae
268 1320 321 1366 in
354 1318 524 1366 eadem
557 1318 771 1380 epistula
796 1318 979 1367 subicit
1003 1316 1085 1366 καὶ
1110 1318 1172 1381 δή
1198 1337 1281 1382 μοι
1304 1315 1536 1384 ἢγγειλαν
1560 1317 1804 1367 δυσκόλου

107 1390 290 1458 τρόπον
322 1389 503 1457 ἀνδρὸς
537 1390 619 1440 τὸν
649 1391 797 1457 λόγον
829 1391 1160 1456 ἐνστήσασθαι
1203 1396 1315 1441 1311111
1347 1409 1473 1455 quae
1504 1395 1556 1441 in
1590 1393 1806 1456 epistula

109 1467 336 1529 sequenti
370 1460 563 1534 (1598)
598 1467 768 1515 scribit
799 1465 950 1516 αὐτὸν
982 1465 1073 1533 γὰρ
1105 1465 1314 1516 ἐδόκουν
1346 1465 1468 1532 ὅρᾶν
1501 1466 1553 1516 ἐν
1583 1471 1648 1537 τῷ
1678 1466 1803 1536 λόγῳ

107 1539 236 1608 λάλῳ
269 1539 484 1590 συνόντα
517 1540 716 1608 γυναίῳ.
782 1540 854 1590 Cf.
889 1542 1037 1591 schol.
1069 1541 1464 1590 Laurentianum
1496 1559 1543 1605 p.
1571 1543 1690 1590 511.

224 1622 320 1670 Sed
363 1622 513 1670 etiam
554 1625 718 1671 aetate
756 1625 1028 1685 posteriore
1068 1640 1168 1672 11011
1200 1619 1458 1687 ‘corporis'
1490 1623 1668 1672 finibus
1712 1625 1803 1672 cir-

109 1696 410 1759 cumscripta
441 1699 640 1758 mansit,
672 1697 757 1745 sed
787 1699 839 1745 in
873 1698 1148 1761 complures
1174 1693 1411 1763 ‘eclogas'
1435 1699 1649 1760 recepta,
1681 1698 1804 1761 quin

27 1769 30 1771 ’
109 1772 260 1819 etiam
293 1767 559 1820 ‘solitaria'
590 1771 862 1820 identidem
893 1788 1083 1821 summo
1117 1788 1226 1821 cum
1250 1773 1434 1835 plausu
1454 1772 1682 1821 lectitata
1714 1775 1802 1821 est.

218 1853 396 1916 Itaque
428 1868 662 1901 numerus
696 1853 919 1902 codicum
959 1856 1282 1916 superstitum
1315 1854 1462 1908 inter,
1495 1869 1616 1917 quos
1649 1856 1801 1903 etiam

111 1930 226 1975 sunt
257 1928 599 1988 recentissimi,
631 1928 875 1977 maximus
907 1932 995 1977 est.
1059 1928 1186 1977 Sunt
1217 1931 1387 1976 autem
1417 1929 1469 1976 hi
1504 1930 1595 1977 69:

219 2001 425 2050 Initium
456 2002 584 2050 facio
620 2018 649 2049 a
682 1998 1074 2064 ‘corporalibus'.

224 2087 268 2131 1.
301 2083 894 2145 Hierosolymitanus
935 2083 984 2132 S.
1019 2083 1225 2132 Crucis
1267 2086 1334 2133 57
1378 2077 1473 2151 (=
1501 2078 1587 2150 Cr)
1626 2079 1803 2147 palim-

108 2158 301 2219 psestus
342 2157 526 2205 saeculi
556 2152 748 2221 X1sX11
789 2159 1010 2206 continet
1047 2159 1169 2207 folio
1202 2160 1319 2207 41vr
1358 2158 1508 2207 verba
1545 2175 1592 2221 p.
1628 2160 1800 2219 520,2

110 2226 450 2295 [στρω]μάτων
475 2228 780 2280 ἐπυνθάνετο
805 2247 962 2294 usque
987 2233 1051 2280 ad
1075 2249 1121 2295 p.
1143 2234 1264 2293 527,
1279 2236 1305 2281 1
1332 2231 1388 2281 τὰ
1411 2229 1617 2299 ἡμέτερα
1639 2231 1801 2294 πάλιν,

110 2305 230 2353 folio
258 2307 347 2353 97r
376 2305 528 2354 verba
559 2322 605 2367 p.
634 2307 757 2368 541,
780 2309 804 2354 1
839 2304 897 2354 τὰ
937 2303 1087 2371 ἄστρα
1128 2322 1286 2369 usque
1318 2307 1381 2355 ad
1413 2324 1459 2369 p.
1496 2307 1617 2368 543,
1638 2309 1666 2354 2
1712 2304 1802 2370 τὴν

109 2476 290 2532 11118(1116
323 2475 397 2532 (cf.
431 2475 523 2520 Cic.
550 2476 608 2521 de
639 2490 702 2520 or.
728 2477 770 2520 II
801 2481 825 2530 ξ
851 2479 955 2533 251)
995 2477 1044 2520 111
1078 2492 1208 2520 suam
1241 2477 1630 2522 declamationem
1654 2479 1802 2521 trans-

111 2536 361 2591 sumpsisse
392 2535 520 2578 haud
550 2549 683 2593 nego.
747 2535 812 2580 Cf.
848 2537 990 2580 etiam
1022 2551 1067 2592 p.
1094 2541 1178 2580 546
1211 2539 1306 2581 not.
1335 2543 1356 2580 1
1393 2539 1440 2581 et
1469 2552 1514 2594 p.
1541 2541 1641 2591 558,
1661 2541 1716 2580 14
1734 2551 1801 2592 sq.

232 2596 273 2650 1)
308 2594 431 2646 Quas
470 2608 562 2650 (1110
601 2598 741 2651 pacto
780 2595 882 2639 fieri
918 2595 1127 2651 potuerit
1165 2599 1218 2639 ut
1259 2595 1479 2640 Seeckius
1513 2595 1616 2653 (Die
1648 2595 1801 2639 Briefe

112 2653 192 2697 des
232 2653 454 2697 Libanius
494 2668 538 2710 p.
565 2656 638 2711 34)
678 2653 820 2698 etiam
863 2654 1170 2699 confidentius
1215 2669 1355 2711 quam
1396 2654 1649 2700 Sieversius
1689 2654 1801 2711 (Das

0 2695 26 2762 ι,
110 2711 266 2756 Leben
314 2713 394 2757 des
442 2713 664 2756 Libanius
709 2729 753 2770 p.
780 2716 904 2769 295),
950 2716 1146 2769 uterque
1190 2714 1433 2759 immemor
1479 2728 1636 2758 eorum
1680 2727 1801 2770 quae

112 2770 374 2829 Krabinger
418 2771 644 2828 (Bulletin
690 2773 773 2817 der
813 2772 963 2818 Akad.
1007 2773 1089 2817 der
1128 2773 1268 2818 Wiss.
1309 2789 1365 2817 zu
1412 2773 1645 2817 Msinchen
1686 2777 1800 2817 1850

111 2829 190 2873 Nr.
219 2835 272 2874 36
306 2831 390 2874 col.
417 2836 500 2874 281
521 2832 606 2887 sq.)
631 2831 892 2887 scripserat,
924 2845 1009 2888 pro
1042 2832 1258 2888 genuinis
1290 2833 1485 2876 haberet
1516 2831 1592 2875 vix
1623 2845 1697 2876 me
1729 2832 1801 2875 in-

111 2888 333 2946 tellegere
363 2890 593 2946 profiteor.
658 2890 800 2934 Recte
831 2891 989 2945 sensit,
1023 2891 1104 2935 sed.
1129 2892 1449 2947 quaestionem
1480 2905 1572 2935 non
1603 2890 1802 2947 perfecit

112 2947 405 2993 Ferdinando
446 2949 502 2993 de
533 2948 697 3003 Paola,
732 2949 775 2993 S.
801 2949 976 2993 Basilio
1010 2964 1034 2994 e
1065 2950 1282 3005 Libanio,
1315 2950 1466 2994 Alatri
1501 2955 1628 2994 1909.
