2010 3168
0 2895 39 3168 ἱ

687 102 1010 169 HYPERmIS
1043 101 1268 155 ORATIO
1391 166 1394 170 Α
1700 104 1808 158 259

120 240 299 293 ποδον
351 239 659 293 σπουδαῖον
713 237 766 302 ἐξ
824 238 992 307 αὐτῆς
1038 235 1179 304 εἶναι
1234 237 1424 306 λέγων.
1486 239 1572 292 30.
1618 242 1811 304 ὄψεται

126 331 398 390 Φίλιππος
435 327 606 381 αὐτὸν
646 328 749 381 οὐκ
788 327 1003 381 οἰκέτου
1040 315 1218 397 σχῆμα
1249 324 1461 397 ἔχοντα,
1499 335 1664 382 τοῦτο
1704 330 1809 400 γὰρ

120 417 307 470 οἰστὸν
358 415 502 485 <ἂν>
553 413 647 486 ἦν,
708 414 828 470 ἀλλ’
887 417 1234 486 αἰχμαλώτου
1286 415 1379 470 καὶ
1433 418 1808 487 νενικημένου.

118 504 250 574 ἐρεῖ·
306 507 383 558 σὺ
438 505 555 575 μὲν
609 503 973 575 ἐλευθέραν
1026 506 1144 574 τὴν
1203 507 1401 559 πόλιν
1451 515 1578 560 τῶν
1623 503 1809 575 Ἀθη-

117 597 322 647 ναίων
374 592 727 664 ἐφύλαξας,
783 593 1027 651 ἐκεῖνοι
1083 593 1156 647 δέ
1205 609 1288 670 σε
1321 594 1402 657 ὡς
1448 598 1810 665 κακουργό-
1856 615 1876 648 5

115 702 312 736 τατον
342 692 470 736 τῶν
502 685 774 736 οἰκετῶν
804 683 1308 752 πιπράσκουσιν.
1347 681 1483 737 ἔδει
1523 697 1591 737 σε
1621 687 1811 754 μιμή-

117 777 362 826 σασθαι
416 772 854 842 Φιλοκράτην,
904 769 1043 825 ἔδει
1099 786 1165 825 σε
1218 775 1631 842 μιμήσασθαι
1681 778 1809 842 Δη-

113 861 337 929 μάδην.
391 856 464 928 ἧς
514 860 591 921 ἂν
646 860 1000 931 ἐλεύθερος
1053 849 1158 915 καὶ
1216 863 1548 916 Φιλίππου
1603 864 1810 931 φίλος·

114 957 237 1002 νῦν
278 947 346 1002 δὲ
383 958 584 1003 ταῦτα
624 949 923 1020 ἐπίχειρά
961 964 1064 1003 σοι
1096 958 1206 1019 τῆς
1236 948 1478 1022 ἔχθρας
1509 958 1619 1020 τῆς
1649 953 1811 1023 πρὸς

113 1038 299 1107 ἡμᾶς,
367 1040 683 1108 καταδίκη
745 1038 850 1092 καὶ
913 1039 1182 1096 δουλεία
1242 1040 1346 1092 καὶ
1407 1048 1644 1110 πρᾶσις
1704 1040 1809 1094 καὶ
1835 1061 1877 1094 10

114 1137 255 1189 τοῖς
295 1126 566 1197 ἐχθροῖς
605 1129 879 1190 ἔκδοσις.
928 1128 1203 1181 δούλευε
1235 1128 1429 1192 αὐτὸς
1461 1128 1593 1182 ἀντ’
1625 1128 1809 1200 Ἀθη-

113 1219 332 1269 ναίων.
395 1217 692 1280 ἐκείνους
753 1219 872 1286 γὰρ
937 1217 1053 1270 οὐκ
1123 1222 1344 1281 εἴασας
1405 1219 1641 1287 ταύτης
1701 1227 1811 1288 τῆς

118 1306 476 1375 δυστυχίας
506 1316 868 1374 μετασχεῖν.
910 1306 996 1358 31.
1022 1306 1324 1375 λαμβάνετε
1355 1307 1453 1360 τὸν
1477 1308 1611 1376 μετὰ
1640 1317 1811 1362 ταῦτα

113 1396 567 1464 προπηλακισμὸν
612 1401 688 1467 τῷ
735 1399 988 1468 λογισμῷ.
1036 1396 1102 1449 οὐ
1148 1396 1326 1458 πάσας
1374 1392 1475 1463 μὲν
1528 1397 1810 1464 βασάνους

114 1485 259 1546 εἰκός
305 1482 456 1537 ἐστιν
501 1484 926 1553 ὑποστήσεσθαι,
961 1485 1062 1537 τὸν
1100 1483 1410 1553 Ἀθηναίων
1458 1485 1808 1556 δημαγωγόν;
1834 1507 1875 1540 15

113 1580 285 1626 ταῦτα
340 1572 672 1642 ἀνθρώπινα
724 1574 815 1626 καὶ
870 1574 1027 1626 οἰστά
1079 1573 1460 1643 Δημοσθένει,
1516 1573 1694 1629 ἐκεῖνο
1749 1576 1812 1629 δὲ

113 1662 339 1714 πάντων
369 1663 770 1731 χαλεπώτατον,
795 1661 864 1715 ἂν
896 1665 1173 1716 Φίλιππον
1204 1661 1451 1717 ἐπαινεῖν
1482 1663 1807 1734 ἀναγκασθῇ

112 1750 201 1803 καὶ
242 1751 538 1820 σεμνύνειν
568 1752 901 1814 Μακεδόνας
939 1753 1018 1814 εἰς
1057 1751 1362 1820 ἀπολογίαν
1393 1753 1807 1823 ἁμαρτημάτων.

113 1839 200 1892 32.
248 1838 498 1909 ἀδικήσει
544 1841 635 1893 καὶ
679 1841 898 1894 Πύθων
952 1840 1296 1908 ἀμυνόμενος
1351 1842 1450 1895 τὸν
1504 1843 1809 1911 ἄνθρωπον

111 1925 252 1998 ὑπὲρ
317 1929 656 1999 δημηγορίας
716 1932 947 1997 πολλῆς,
1001 1929 1374 2000 Εὐθυκράτης
1436 1930 1807 2000 ἐφησθήσεται
1832 1951 1875 1983 20

233 2138 255 2176 7
290 2133 347 2177 cf.
379 2148 425 2190 p.
451 2137 552 2186 249,
572 2138 597 2176 5
616 2147 706 2189 sq.;
739 2138 840 2186 303,
861 2140 906 2188 13
941 2138 1085 2188 327,8
1217 2139 1242 2178 9
1274 2135 1406 2179 Dem.
1441 2150 1513 2192 ep.
1546 2150 1590 2192 p.
1619 2139 1747 2191 1484,
1765 2140 1804 2179 4.

112 2192 231 2236 Plat.
256 2207 350 2249 rep.
376 2192 418 2236 X
440 2207 484 2248 p.
505 2196 590 2236 608
608 2191 642 2237 C
765 2197 818 2236 19
853 2194 909 2237 cf.
937 2194 998 2236 ad
1022 2209 1066 2250 p.
1087 2198 1187 2247 238,
1208 2199 1283 2248 16;
1317 2198 1418 2249 280,
1434 2199 1511 2250 16;
1544 2199 1645 2249 335,
1662 2200 1687 2238 5

113 2255 171 2295 20
211 2266 278 2308 sq.
313 2251 370 2296 cf.
405 2253 466 2295 ad
497 2255 530 2294 t.
556 2251 619 2294 III
643 2252 840 2307 4644163
873 2255 905 2296 t.
930 2253 994 2297 IV
1019 2257 1120 2314 978,
1138 2257 1163 2296 5
1180 2253 1217 2296 R

230 2447 255 2486 2
288 2443 374 2487 οὐκ
397 2443 446 2486 in
469 2457 546 2487 ras
581 2443 674 2488 Va²
795 2449 821 2487 3
857 2442 917 2488 ἂν
941 2444 1116 2488 inserui
1178 2459 1254 2490 om
1278 2445 1389 2489 libri
1414 2446 1505 2489 edd
1624 2452 1652 2490 4
1685 2446 1806 2491 ἐλευ-

110 2501 262 2558 θέραν
296 2503 365 2547 Va
397 2503 479 2547 sed
511 2516 566 2546 ex
598 2502 847 2559 ἐλεύθερον
890 2517 992 2554 corr
1021 2503 1091 2546 m²
1235 2509 1260 2549 6
1300 2504 1614 2560 πιπράσκουσι
1638 2507 1684 2551 Β
1716 2506 1806 2549 edd

237 2566 260 2604 7
294 2560 551 2618 φιλοκράτη
577 2563 623 2607 Β
656 2562 748 2606 edd
870 2567 895 2606 8
928 2558 984 2617 ἧς
1017 2564 1085 2608 Va
1207 2568 1232 2606 9
1266 2562 1477 2621 ἐπίχειρά
1508 2563 1674 2621 scripsi
1699 2577 1805 2609 auc-

114 2621 215 2664 tore
247 2620 316 2664 Re
348 2620 430 2676 qui
453 2618 698 2679 τάπίχειρα
723 2621 829 2665 coni
888 2620 1077 2680 χείρονα
1099 2621 1209 2666 libri
1234 2623 1326 2666 edd
1448 2629 1500 2667 12
1535 2623 1694 2674 εἴασας
1719 2625 1807 2668 Ma

112 2678 196 2722 sed
227 2682 355 2736 ας(2)
386 2680 435 2722 in
462 2693 538 2723 ras
563 2679 633 2723 m²
754 2685 808 2724 13
834 2680 1037 2739 λάμβανε
1054 2683 1100 2726 Β
1128 2682 1135 2739 Ι
1162 2689 1421 2737 μεταταῦτα
1445 2682 1516 2726 Va
1638 2687 1689 2727 17
1723 2700 1806 2740 χα-

111 2738 367 2793 λεπώτερον
389 2740 515 2783 BLa
542 2740 548 2795 Ι
576 2737 804 2794 φίλιππον
836 2740 907 2788 Va
939 2741 1020 2784 sed
1053 2758 1080 2785 ν
1111 2741 1162 2784 in
1191 2755 1267 2784 ras
1297 2740 1367 2785 m²
1510 2746 1565 2786 18
1606 2742 1804 2799 σεμνύνη

120 2796 238 2842 VaB
300 2798 514 2854 σεμνύνει
535 2799 609 2842 La
671 2798 872 2856 σεμνύνῃ
891 2799 992 2842 Mor
1112 2804 1168 2844 20
1191 2803 1361 2857 πολλῆς
1386 2801 1454 2845 Va
1478 2800 1559 2844 sed
1583 2817 1638 2857 γρ
1663 2803 1806 2856 καλῆς

114 2868 329 2912 suprascr
358 2856 442 2911 111²,
468 2857 543 2901 La
566 2856 669 2900 Mor
700 2857 782 2901 sed
805 2857 877 2913 γρ’
900 2861 1043 2914 καλῆς
1072 2858 1122 2902 in
1152 2873 1288 2916 marg
1312 2859 1448 2903 ambo
1509 2862 1654 2916 καλῆς
1666 2861 1801 2905 ΒΜα

174 2912 352 2970 ἐκείνης
380 2921 463 2971 τῆς
493 2918 662 2972 πολλῆς
692 2915 767 2959 vel
799 2918 941 2973 καλῆς
973 2917 1076 2960 coni
1108 2917 1175 2961 Re
1204 2921 1210 2973 Ι
1239 2917 1504 2975 ἐφηκράτης
1531 2919 1619 2963 Μα

1357 2991 1445 3033 17*
