2010 3168
1018 687 1159 741 XIX.

243 808 424 859 Μετὰ
470 808 543 860 τὰ
591 804 660 860 ἐν
707 809 1076 878 Χαιρωνείᾳ
1128 810 1449 870 Φίλιππος
1497 807 1761 879 ἐξῄτησε
1800 815 1931 878 Δη-

242 895 593 965 μοσθένην.
656 895 684 949 ὁ
748 897 948 964 δῆμος
1016 894 1210 965 ᾔτησε
1281 895 1471 963 πέντε
1538 895 1930 966 ἡμέραςεῑς

244 984 488 1049 σκέψιν.
531 985 598 1038 ἐν
637 986 904 1047 ταύταις
944 984 972 1038 ὁ
1007 984 1446 1054 Λημοσθένης
1480 985 1930 1055 ἀποθνήσκειν

997 1072 1183 1137 ἄξιοί

200 1243 218 1275 5
865 1206 1313 1275 Δημοσθένης.

154 1330 373 1373 R1V240
535 1327 581 1377 1.
620 1325 847 1393 Μάτην,
903 1322 944 1378 ὦ
1000 1327 1198 1394 ἄνδρες
1252 1325 1556 1395 Ἀθηναῖοι,
1617 1328 1712 1389 τὰς
1768 1325 1929 1380 πέντε

243 1416 444 1477 ταύτας
481 1413 683 1483 ἡμέρας
714 1413 947 1483 ᾐτήσατε
977 1416 1125 1482 παρὰ
1156 1424 1268 1468 τῶν
1300 1413 1359 1467 ἐκ
1391 1416 1743 1478 Μακεδονίας
1774 1417 1931 1484 ἡκόν-

243 1524 354 1556 των
393 1504 465 1566 ὡς
504 1502 573 1556 ἂν
612 1502 673 1556 ἐν
718 1503 907 1565 αὐταῖς
953 1505 1180 1570 ἄμεινόν
1225 1523 1278 1555 τι
1324 1506 1754 1572 βουλευσόμενοι
1802 1503 1929 1574 περὶ

242 1592 450 1658 τούμοῦ
491 1593 754 1660 σώματος.
807 1589 913 1658 ἐγὼ
954 1593 1059 1661 γὰρ
1112 1591 1247 1659 ὑμῖν
1301 1592 1398 1644 τὸν
1450 1593 1663 1662 μακρὸν
1707 1591 1928 1646 τουτονὶ

178 1702 221 1734 10
246 1679 530 1749 συντέμνω
571 1682 793 1748 χρόνον,
834 1681 925 1732 ἵνα
964 1673 1102 1748 μηδὲ
1141 1681 1343 1733 τούτου
1384 1680 1546 1750 χάριν
1575 1677 1729 1750 ἔχητε
1767 1682 1929 1749 μηδε-

242 1772 376 1835 μίαν
414 1777 528 1831 τοῑς
566 1775 666 1821 τοῦ
712 1771 991 1821 Φιλίππου
1030 1767 1314 1839 πρέσβεσι,
1353 1767 1444 1821 καὶ
1483 1770 1577 1831 τὰς
1617 1770 1929 1837 ἀποκρίσεις

245 1855 372 1910 ἀνθ’
419 1857 574 1924 ὑμῶν
621 1859 762 1929 ἔργω
812 1858 1024 1926 δίδωμι.
1073 1856 1265 1926 δέομαι
1313 1856 1396 1925 δέ,
1444 1853 1486 1910 ὦ
1538 1858 1735 1927 ἄνδρες
1778 1856 1928 1926 Ἀθη-

243 1955 410 2014 ναῖοι,
449 1947 785 2014 μεταδοῦναί
820 1966 912 2014 μοι
951 1953 1050 1998 τοῦ
1091 1950 1323 1999 κωνείου
1364 1945 1454 1998 καὶ
1501 1948 1630 2008 τοὺς
1675 1945 1930 2014 πρέσβεις

154 2039 273 2083 RIV
294 2044 377 2082 241
420 2033 713 2103 ἐκπέμπειν
762 2035 859 2087 τὸν
904 2035 1132 2102 ἥδιστον
1178 2042 1252 2106 τῷ
1310 2033 1316 2105 Ι
1376 2036 1610 2105 δεσπότῃ
1661 2034 1929 2105 φέροντας

179 2146 219 2178 15
245 2126 414 2190 λόγον
453 2123 537 2175 ὅτι
581 2123 815 2191 τέθνηκε
853 2122 1233 2191 Δημοσθένης.

355 2212 403 2264 2.
438 2208 507 2264 “Ο
552 2209 653 2278 μὲν
699 2208 803 2264 οὗν
848 2213 1098 2279 ἤλπιζον,
1146 2209 1187 2264 ὦ
1228 2213 1749 2280 φιλανθρωπότατοι
1792 2212 1928 2265 ποίν-

243 2320 377 2368 των,
423 2299 580 2368 ὑμεῖς
626 2299 935 2367 ἐποιήσατε,
982 2298 1105 2369 περὶ
1151 2307 1246 2367 τῆς
1290 2303 1543 2367 τελευτῆς
1596 2299 1928 2363 ἀκούσαντες

362 2461 408 2503 Ρ
481 2482 536 2496 =
563 2459 717 2502 Codex
748 2460 985 2503 Parisinus
1010 2474 1075 2516 gr.
1102 2463 1216 2503 2998

363 2519 457 2562 Ath
480 2541 535 2555 =
560 2519 740 2561 Athous
772 2519 949 2562 Laurae
985 2521 1027 2561 ,Ω
1053 2523 1137 2561 123

365 2671 390 2708 2
423 2665 488 2716 εἰς
518 2665 685 2721 σκέψιν
715 2666 901 2721 reposui
934 2679 958 2709 e
990 2665 1121 2709 libris
1184 2664 1388 2721 σκέψεως
1411 2665 1502 2708 edd
1622 2670 1647 2708 5
1681 2665 1926 2722 Δημοσθέ-

246 2741 330 2778 νης
359 2725 484 2769 inser
514 2724 615 2768 Mor
676 2738 751 2767 om
782 2724 890 2766 libri
1012 2729 1037 2767 6
1077 2722 1312 2780 Ἀθηναῖοι
1341 2724 1514 2768 inserui
1546 2737 1601 2767 ex
1632 2725 1726 2768 Ath
1785 2738 1860 2768 om
1884 2726 1930 2768 P

246 2783 337 2826 edd
481 2788 506 2827 9
537 2785 708 2839 τούμοῦ
746 2783 930 2838 reposui
963 2798 986 2826 e
1019 2783 1151 2826 libris
1212 2790 1293 2827 τοῦ
1325 2790 1413 2838 μοῦ
1445 2783 1535 2827 edd
1585 2785 1591 2838 Ι
1640 2784 1826 2828 τουτονὶ
1855 2797 1926 2827 re-

245 2842 380 2896 posui
413 2855 437 2885 e
476 2842 608 2886 libris
683 2849 849 2886 τοῦτον
890 2842 981 2884 edd
1125 2846 1179 2885 10
1218 2843 1333 2899 μηδὲ
1373 2841 1534 2898 scripsi
1574 2855 1677 2885 cum
1715 2842 1924 2886 Iacobsio

247 2901 358 2943 Lecta
393 2905 475 2945 100
497 2902 603 2950 ,Rev
637 2905 660 2943 3
695 2903 741 2944 eh
773 2901 927 2944 Gasda
989 2901 1097 2958 μήτε
1129 2901 1238 2944 libri
1270 2901 1361 2944 edd
