2010 3168
237 105 309 156 54
548 139 551 141 Δ
823 106 1114 151 GREGORII
1146 106 1346 151 CYPRII

236 242 398 309 ἡνίκα
444 240 536 294 καὶ
583 242 643 295 τὸ
691 250 914 312 πρᾶγμα
961 243 1131 310 δῆλον
1178 243 1421 296 αὐτόθεν
1469 242 1581 296 ἐστὶ
1636 244 1730 296 καί
1776 263 1928 307 τινος

237 333 411 383 δεῖται
452 332 620 398 λόγου
660 327 871 393 ἔξωθεν
902 334 1351 401 μαρτυρήσοντος
1383 332 1651 402 οὐδαμῶς.
1690 332 1741 385 4.
1781 331 1814 401 ἣ
1845 334 1928 395 τίς

229 416 446 472 Ἰωνίαν
487 419 589 471 οὐκ
628 415 782 472 οἶδεν
820 418 1080 472 ἀποικίαν
1118 419 1209 472 καὶ
1249 421 1422 490 αὐτὴν
1452 420 1720 491 ἡμετέραν
1752 416 1928 475 οὖσαν

236 507 327 561 καὶ
389 507 554 577 μέρος
612 515 709 576 τῆς
769 505 908 576 ὑπὲρ
972 508 1230 562 ἁπάντων
1288 508 1596 577 Ἀθηναίων
1664 511 1929 580 προνοίας
2005 551 2009 556 ,

193 615 213 648 5
238 600 416 660 καλῶς
462 593 553 650 ὑπ’
601 597 784 650 αὐτῶν
830 601 1197 651 πολισθεῖσαν
1244 599 1343 666 τὴν
1388 606 1594 665 πᾶσαν,
1642 595 1712 651 ἵν’
1761 598 1789 652 ὁ
1843 597 1927 652 ε’ν-

237 692 420 740 ταῦθα
457 694 554 753 τῆς
583 686 859 756 Εὐρώπης
889 695 1065 756 χῶρος
1097 687 1168 750 ὡς
1201 686 1260 740 ἐκ
1290 687 1929 757 μεγάλουδιαστήματος

237 776 539 845 βαρβάροις
593 774 920 843 ἀνεπίβατος
980 774 1137 846 μένῃ;
1198 778 1278 838 τίς
1339 774 1611 846 ἑτέρωθεν
1664 778 1929 829 Σικελίαν

239 865 434 933 αὐτήν;
489 868 572 927 τίς
621 867 752 927 τοὺς
808 864 868 918 ἐν
907 868 1226 933 Μαραθῶνι
1280 866 1607 933 κινδύνους,
1660 867 1790 936 τοὺς
1841 862 1920 918 ἐπ’

249 952 560 1025 Ἀρτεμισίῳ
607 954 698 1006 καὶ
746 957 1024 1022 Σαλαμῖνι
1069 953 1160 1007 καὶ
1208 958 1580 1022 Πλαταιᾶσιν,
1634 951 1777 1007 ἔνθα
1822 956 1929 1006 σὺν

172 1059 216 1091 ιο
238 1042 374 1111 ὑμῖν,
422 1043 750 1107 Μαρδονίου
800 1043 894 1105 τὰς
939 1044 1144 1106 πολλάς
1194 1044 1594 1112 διεφθείραμεν
1639 1041 1929 1112 μυριάδας,

238 1129 543 1200 τοὺς-ὑπὲρ
591 1131 772 1200 ὑμῶν,
813 1129 855 1185 ὦ
895 1133 1350 1201 Λακεδαιμόνιοι,
1399 1132 1488 1185 ὅτε
1534 1140 1645 1185 τῶν
1691 1132 1932 1185 εἱλώτων

239 1220 664 1274 ἐπαναστάντων
734 1224 959 1291 ἔσχατος
1027 1222 1310 1274 κινδύνων
1378 1223 1480 1288 τὴν
1543 1222 1931 1289 Λακεδαίμονα

237 1309 518 1378 περιέστη,
570 1313 700 1373 τοὺς
754 1310 891 1380 ὑπὲρ
947 1320 1060 1364 τῶν
1113 1311 1346 1375 ὀὶλλων;>
1379 1314 1461 1373 τίς
1521 1318 1692 1363 ταῦτα
1752 1310 1931 1362 πάντα

239 1399 395 1466 ὑμῶν
435 1399 646 1469 ἀγνοεῖ,
685 1399 774 1452 καὶ
813 1403 871 1452 τί
903 1400 992 1451 δεῖ
1017 1409 1386 1469 μακρηγορεῖν
1417 1400 1933 1468 ὑπομιμνήσκοντας

174 1502 216 1536 1⁵
241 1489 379 1556 ὑμᾶς
418 1489 696 1557 φερούσης
733 1487 824 1540 καὶ
864 1496 1036 1541 ταῦτα
1073 1497 1169 1557 τῆς
1207 1488 1565 1557 ὑπομνήσεως
1605 1487 1666 1541 ἐν
1711 1493 1784 1560 τῷ
1824 1496 1931 1541 νῦν

241 1577 415 1644 ἀγῶνι
452 1575 622 1630 πλέον
662 1574 832 1631 οὐδὲν
872 1579 950 1640 εἰς
981 1576 1229 1647 ἡμᾶςςξ).
1270 1578 1480 1630 οὔκουν
1519 1576 1672 1646 ἡμεῖς
1707 1597 1772 1645 γε
1806 1577 1932 1647 περὶ

240 1665 405 1718 τῶνδ’
443 1665 782 1735 ἐθελήσομεν
822 1665 1021 1735 λέγειν,
1054 1665 1172 1720 ἀλλ’
1211 1666 1667 1736 ἀποχωρήσαντες
1698 1667 1931 1736 σπουδῇ,

240 1756 579 1824 ὑπερβάντες
618 1753 679 1808 δὲ
718 1757 828 1825 ἅμα
874 1754 965 1808 καὶ
1011 1757 1077 1809 τὰ
1116 1754 1246 1809 καθ’
1294 1757 1449 1825 ἡμῶν
1494 1757 1671 1809 πολλὰ
1709 1753 1799 1808 καὶ
1838 1774 1932 1823 νη-

240 1846 419 1913 πιώδη
462 1847 791 1914 Κορινθίων
830 1843 1130 1914 διελέγχειν
1169 1845 1476 1914 ἐγκλήματα
1513 1845 1587 1907 ὡς
1619 1840 1737 1897 οὐδ’
1775 1844 1933 1912 ὑμῶν

177 1946 219 1979 20
243 1934 367 2001 περὶ
411 1943 524 1986 τῶν
570 1934 714 1987 οὕτω
764 1935 998 2002 γελοίων
1043 1937 1213 2002 λόγον
1258 1934 1674 2001 ἀπαιτησόντων
1712 1933 1932 2001 οὐδένα,

240 2024 313 2091 μὴ
362 2024 464 2091 γὰρ
513 2021 583 2075 ἂν
628 2022 856 2092 πρέπειν
905 2024 1378 2092 Λακεδαιμονίους
1422 2024 1587 2085 ὄντας
1634 2023 1823 2091 ἄρχειν
1876 2041 1934 2075 τε

242 2110 332 2164 καὶ
366 2111 567 2174 αὐτοὺς
607 2111 896 2175 ἀξιοῦντας
936 2112 1135 2179 ὁμοίως
1173 2112 1305 2180 ἡμῖν
1343 2121 1459 2164 τῶν
1490 2110 1772 2179 Ἑλλήνων
1809 2109 1932 2179 περὶ

242 2203 451 2263 πόλεως
503 2200 831 2270 ἡγεμονίδος
886 2199 1092 2254 τοιαῦτ’
1156 2199 1462 2268 ἐγκλήματα
1513 2199 1798 2269 δέχεσθαι,
1846 2198 1934 2253 ἐπὶ

242 2290 308 2341 τὰ
355 2292 541 2357 καίρια
588 2290 821 2358 μάλιστα
871 2297 966 2358 τῆς
1012 2292 1340 2358 κατηγορίας
1389 2289 1481 2342 καὶ
1527 2297 1753 2356 γενναῖα
1799 2286 1928 2341 καθ’

177 2387 219 2421 ²⁵
243 2377 399 2446 ἡμῶν
438 2379 712 2430 δοκοῦντα
749 2379 848 2431 τὸν
887 2380 1057 2446 λόγον
1094 2379 1425 2446 τρεψόμεθα.
1504 2438 1505 2441 ¹

368 2558 389 2596 1
423 2553 614 2609 Argum.
647 2552 778 2596 Dem.
810 2552 968 2597 Boeot.
1001 2567 1046 2609 p.
1072 2557 1172 2606 994,
1192 2557 1245 2595 18
1367 2557 1415 2596 ·8
1449 2553 1591 2596 Thuc.
1616 2553 1637 2595 I
1671 2557 1738 2606 73,
1758 2557 1783 2595 3

249 2617 300 2655 11
336 2611 476 2655 Thuc.
502 2612 523 2654 Ι
550 2617 632 2655 102
757 2616 811 2654 14
843 2611 986 2655 Thuc.
1011 2612 1032 2655 I
1057 2616 1128 2665 68,
1146 2617 1171 2656 3

366 2764 391 2801 5
424 2759 507 2815 τὴν
531 2767 687 2804 πᾶσαν
718 2759 768 2802 in
792 2772 926 2816 marg
943 2759 1009 2802 L²
1130 2764 1154 2802 9
1188 2759 1465 2803 πλαταιάσιν
1491 2760 1590 2803 LV
1720 2762 1774 2800 14
1806 2758 1933 2814 ὑμῶν

279 2818 440 2874 scripsi
517 2819 640 2874 ἡμῶν
665 2819 764 2862 LV
790 2819 926 2862 Schm
955 2822 960 2874 Ι
988 2816 1032 2862 τί
1063 2833 1137 2862 om
1171 2820 1254 2863 VL
1312 2819 1438 2862 inser
1466 2818 1604 2862 Schm
1693 2851 1695 2853 -
1727 2820 1780 2878 16
1813 2816 1934 2872 ἡμᾶς

249 2921 413 2977 scripsi
439 2934 463 2964 e
496 2922 538 2964 V
594 2922 712 2978 ὑμᾶς
742 2921 951 2966 LSchm
1075 2925 1130 2964 25
1162 2895 1244 2966 23²„
1274 2895 1412 2978 2⁶73}
1447 2922 1491 2965 V
