2010 3168
176 76 245 128 68
766 75 1055 120 GREGORH
1085 75 1285 121 GYPRII

175 213 255 274 τίς
303 212 477 274 οὕτως
524 211 754 280 ἀναιδὴς
803 211 873 274 ὡς
923 211 1055 280 ἡμῖν
1108 208 1246 280 ὑπὲρ
1302 211 1486 265 αὐτῶν
1524 212 1863 283 μέμφεσθαι;

175 300 350 363 οὕτως
390 301 456 354 οὐ
496 309 590 368 τῆς
629 301 783 369 ἡμῶν
820 302 1085 369 διανοίας,
1126 308 1220 367 τῆς
1253 298 1302 352 δ’
1342 299 1566 354 ἐκείνων
1601 302 1866 366 ἀπονοίας

173 387 322 442 τοῦτ’
366 386 532 457 ἔργον
570 389 791 458 ὑπῆρχε.

287 478 373 530 28.
413 477 522 530 Καὶ
565 479 612 531 εἰ
659 479 958 546 βούλεσθε,
1013 478 1195 549 κύκλῳ
1242 478 1343 546 τὴν
1374 476 1610 532 Ἑλλάδα
1651 485 1864 547 περιελ-

131 589 150 622 5
177 568 377 629 θόντες
433 569 658 635 ζητεῖτε,
707 566 757 618 εἴ
799 586 852 619 τι
898 574 1155 620 τοιοῦτον
1207 567 1284 629 εἰς
1333 566 1669 636 ἀνθρώπους
1705 567 1865 637 Ἀθη-

172 664 321 708 ναῖοι
360 656 690 724 πεπράχασι,
740 654 844 707 κᾶν
885 654 1080 722 εὕρητέ
1116 673 1250 722 που,
1299 656 1647 725 συνεζεύχθω
1688 654 1866 726 ἀμφό-ι

174 764 303 813 τερα
341 744 430 796 καὶ
472 742 525 806 ἐξ
560 746 727 806 ἔθους
758 743 897 812 ἡμᾶς
930 743 1111 811 λέγετε
1145 743 1380 812 ἀσεβεῖν.
1424 744 1743 813 ἡττήθησαν
1774 745 1865 798 καὶ

179 835 411 902 Θηβαῖοι
450 834 583 901 μετὰ
622 841 734 885 τῶν
773 834 956 886 ἄλλων
997 836 1258 885 Βοιωτῶν
1298 833 1406 885 ὑπὸ
1439 841 1535 901 τῆς
1565 835 1770 896 πόλεως
1806 833 1867 888 ἐν

173 925 419 988 πολλοῖς,
481 922 800 989 ἡττήθησαν
861 920 951 974 καὶ
1015 924 1222 984 Φωκεῖς
1282 922 1372 974 καὶ
1440 923 1700 976 Θετταλοὶ
1762 927 1867 976 σὺν

108 1033 151 1065 10
175 1010 381 1078 αὐτοῖς,
407 1009 783 1080 ἐπειράθησαν
814 1009 904 1062 καὶ
930 1011 1253 1072 Μακεδόνες
1276 1019 1370 1079 τῆς
1395 1010 1653 1080 ἡμετέρας
1679 1012 1868 1080 ἰσχύος

173 1099 264 1151 καὶ
303 1100 440 1168 πρὸς
486 1099 703 1160 τούτοις
747 1102 954 1169 Θρᾷκες
1001 1099 1090 1152 καὶ
1137 1097 1227 1152 ἀπ’
1275 1099 1487 1168 ἀμφοῖν
1533 1108 1643 1152 τῶν
1683 1099 1867 1154 ἐθνῶν

175 1190 255 1239 ἔτι
301 1186 495 1240 πολλοὶ
546 1186 673 1257 παρ’
727 1187 859 1255 ἡμῖν
907 1187 966 1240 ἐν
1014 1190 1249 1257 δεσμοῖς.
1305 1186 1422 1241 ἀλλ’
1476 1188 1660 1251 οὐδεὶς
1714 1190 1868 1252 οἴους

176 1273 335 1329 οὗτοί
371 1290 544 1344 φασιν
583 1277 738 1345 ἡμῶν
777 1275 1057 1346 ἐπειράθη.
1098 1277 1182 1329 29.
1223 1275 1313 1329 καὶ
1354 1281 1411 1329 τί
1444 1279 1575 1339 τοὺς
1600 1275 1869 1345 ρΈλληνας

177 1364 428 1433 λε’γομεν;
484 1365 550 1418 οὐ
607 1368 735 1428 τοὺς
779 1365 971 1428 Ἴωνας
1025 1365 1180 1434 ἡμῶν
1235 1367 1292 1418 οἱ
1342 1365 1556 1435 Πέρσαι
1610 1368 1868 1419 κατεδου-

110 1477 152 1508 15
180 1458 403 1518 λοῦντο;
445 1454 544 1506 οὐκ
571 1451 863 1524 Ἐρετριεῖς
897 1453 1280 1523 ἀναρπάστους
1311 1453 1606 1524 ἐξείλοντο;
1638 1455 1704 1507 οὐ
1736 1458 1867 1523 μετὰ,

177 1549 275 1595 τοῦ
317 1542 489 1594 αὐτοῦ
529 1543 896 1611 διανοήματος
928 1544 1005 1605 εἰς
1037 1547 1369 1613 Μαραθῶνα
1401 1546 1751 1612 κατήρκασιν,
1791 1542 1860 1596 ἵν’

178 1631 251 1692 ὡς
278 1629 560 1699 Ἐρέτριαν
599 1629 690 1683 καὶ
731 1633 832 1700 τὴν
864 1630 1106 1702 Ἀττικὴν
1147 1640 1329 1685 πᾶσαν
1362 1633 1691 1695 διάθωνται;
1732 1632 1869 1684 ἀλλὰ

176 1720 390 1772 τούτων
437 1723 696 1787 λαμπρῶς
751 1721 841 1772 καὶ
896 1722 1017 1772 τότε
1073 1723 1439 1790 κρατήσαντες
1493 1719 1582 1773 καὶ
1637 1720 1869 1789 ὕστερον

178 1808 266 1861 ὅτε
307 1806 510 1877 Ξέρξης
559 1806 710 1877 ἐπῄει
756 1816 939 1861 πᾶσαν
986 1810 1086 1877 τὴν
1130 1808 1308 1862 Ἀσίαν
1354 1818 1528 1862 κινῶν
1574 1807 1660 1877 ἐφ’
1715 1809 1869 1877 ἡμᾶς,

112 1919 155 1951 20
178 1895 268 1948 καὶ
308 1897 441 1965 μετὰ
481 1895 630 1949 ταῦτ’
680 1896 740 1949 ἐν
772 1898 984 1966 Κύπρῳ
1024 1896 1113 1949 καὶ
1149 1899 1457 1968 Παμφυλίᾳ
1489 1896 1578 1950 καὶ
1612 1897 1869 1966 ἀλλαχοῦ,

179 1985 280 2038 οὐκ
321 1986 470 2036 ἔστιν
503 1985 677 2037 εἰπεῖν
716 1986 788 2048 ὡς
833 1984 920 2038 ἑνί
955 2005 1015 2053 γε
1051 1986 1080 2054 ἢ
1113 1990 1363 2039 πλείοσιν
1397 1987 1579 2038 αὐτῶν
1611 1986 1871 2052 τοιαύτην

181 2073 522 2141 ἐπηγάγομεν
561 2072 820 2142 ἀνάγκην.
861 2074 926 2126 οὐ
960 2075 1220 2144 βαρβάρῳ
1255 2075 1483 2128 δεῖπνον
1514 2073 1871 2143 παρεθέμεθα

179 2163 462 2230 βάρβαρον
503 2158 631 2214 οὐδὲ
667 2164 1142 2231 παραστησάμενοι
1176 2167 1304 2225 τοὺς
1337 2164 1567 2232 δημίους
1599 2165 1869 2230 παίοντες,

179 2257 597 2317 μαστιγοῦντες,
669 2249 1004 2318 σφάττοντες
1065 2249 1387 2317 ἐκελεύομεν
1449 2253 1733 2304 ἅπτεσθαι.
1803 2252 1869 2303 οὐ

113 2361 156 2393 25
179 2346 448 2391 τοσοῦτον
510 2339 609 2406 τὴν
671 2339 1028 2406 ἀνθρωπείαν
1090 2339 1436 2407 ἠγνοήκαμεν
1491 2341 1667 2407 φύσιν
1720 2339 1873 2408 ἡμεῖς

242 2532 268 2569 4
304 2473 357 2570 {g
377 2467 503 2568 ἔθη.
531 2481 693 2511 comm.
720 2468 781 2510 IV
809 2474 848 2524 2,
868 2474 922 2513 33
1055 2474 1107 2511 17
1143 2469 1199 2512 cf.
1234 2469 1292 2512 ad
1326 2471 1360 2512 t.
1387 2470 1426 2511 V
1457 2485 1501 2525 p.
1530 2475 1629 2525 521,
1651 2476 1716 2513 10.
1750 2472 1784 2513 t.
1810 2469 1873 2512 IV

181 2533 236 2570 45
272 2562 283 2582 ,

302 2650 326 2687 2
367 2651 450 2700 τῆς
489 2643 537 2688 δ’
573 2643 763 2689 ἐκείνων
803 2645 1032 2697 ἀπονοίας
1064 2646 1237 2689 inserui
1270 2660 1294 2688 e
1321 2647 1418 2690 LV
1487 2659 1562 2689 om
1596 2646 1732 2688 Sehm

183 2709 208 2747 3
243 2705 447 2760 ὑπῆρχεν
484 2703 622 2748 Schm
745 2709 769 2745 5
804 2705 1031 2761 ἀθηναῖοι
1056 2705 1099 2748 L
1132 2705 1212 2748 sed
1244 2722 1289 2748 οι
1319 2705 1368 2747 in
1396 2719 1470 2747 ras
1494 2704 1578 2751 m2,
1625 2704 1872 2758 ἀθηναίων

192 2765 233 2805 V
351 2768 373 2805 7
409 2763 454 2815 ἐξ
490 2763 632 2813 ἔθους
665 2762 803 2806 Schm
865 2764 1060 2816 ἐξέθους
1086 2765 1210 2819 LV!
1237 2762 1386 2820 λέγετε
1412 2764 1454 2806 L
1479 2764 1559 2806 sed
1584 2766 1607 2806 λ
1633 2763 1679 2806 in
1706 2777 1780 2806 ras
1806 2763 1874 2805 m²

305 2827 357 2865 17
389 2819 629 2877 Ἐρέτριαν
663 2822 827 2878 scripsi
860 2836 883 2865 e
919 2824 962 2865 V
1029 2821 1261 2878 ἐρέτρειαν
1293 2823 1336 2866 L
1369 2822 1505 2865 Schm
1649 2827 1704 2865 20
1737 2838 1872 2877 μετα-

183 2879 316 2923 ταῦτ’
360 2882 402 2925 V
