2010 3168
185 144 293 198 276
653 141 881 187 LIBANII
910 141 1301 188 DECLAMATIO
1332 142 1439 186 XIX

183 281 244 334 δὲ
282 281 424 350 ὑμᾶς
468 276 571 346 μὲν
618 278 940 332 ἀπαλλάττω
988 277 1261 347 μέμψεως,
1308 276 1524 351 ἐμαυτῷ
1565 276 1627 332 δὲ
1669 290 1879 348 κτῶμαι

183 368 352 433 δόξαν
398 368 684 422 ἀθάνατον
731 367 790 421 ἐκ
835 374 936 420 τοῦ
983 364 1155 436 μηδὲν
1201 367 1342 436 ὑμᾶς
1388 367 1651 438 ἁμαρτεῖν
1706 369 1876 423 ἐᾶσαι.

180 461 254 527 μὴ
310 458 414 527 γὰρ
471 456 632 526 ἐχέτω
687 464 851 510 τοῦτο
912 459 1186 519 Φίλιππος
1247 456 1429 524 λέγειν
1485 459 1616 526 μήτε
1669 461 1876 523 παίζων

180 549 314 616 μήτε
353 546 678 610 σπουδάζων
715 548 849 615 μήτε
887 545 1026 614 πρὸς
1063 546 1193 607 τοὺς
1231 545 1304 608 ὡς
1337 545 1506 599 αὐτὸν
1545 545 1877 616 ἐρχομένους

135 637 312 705 ιμήτε
358 635 496 704 πρὸς
548 637 680 697 τοὺς
719 633 989 701 ’Έλληνας
1044 635 1136 687 διὰ
1182 633 1488 702 πρέσβεων·
1538 633 1879 704 Ἀθηναῖοί

180 745 289 794 μοι
344 725 456 777 τὸν
511 723 901 793 δημαγωγὸν
957 721 1291 785 ἐξέδωκαν.
1342 723 1408 776 οὐ
1452 724 1726 794 βούλομαι
1763 744 1875 777 τοι-

181 814 361 867 ούτων
410 814 510 867 τὸν
559 814 864 882 ἄνθρωπον
912 811 1127 865 ἐκεῖνον
1165 811 1468 882 εὐπορῆσαι
1516 812 1786 881 ῥημάτων.
1827 814 1875 866 εἰ

180 903 284 972 γὰρ
323 902 414 955 καὶ
453 909 562 955 νῦν
600 911 971 970 συκοφαντῶν
1010 902 1112 969 τὴν
1149 902 1314 954 πόλιν
1360 901 1461 954 οὐκ
1508 901 1667 969 ὀλίγα
1711 921 1875 970 παρε-

181 999 372 1059 σπᾶτο,
411 993 495 1053 τίς
525 987 680 1044 ἔσται
709 999 1033 1059 κατηγορῶν
1065 989 1272 1058 ἀληθὴς
1312 989 1560 1058 λεγέσθω
1593 999 1874 1060 πανταχοῦ

113 1104 157 1137 10
179 1087 275 1148 τῆς
306 1079 655 1148 οἰκουμένης·
694 1076 854 1148 ὑπὲρ
895 1088 1004 1148 τῆς
1035 1086 1262 1147 κοινῆς
1301 1077 1492 1146 δόξης
1524 1078 1874 1147 ἐπέδωκεν,

181 1169 260 1231 ὡς
301 1169 330 1222 ὁ
363 1169 539 1230 Λεὼς
577 1169 687 1231 τὰς
726 1167 1123 1236 θυγατέρας,
1163 1168 1244 1230 ὡς
1282 1169 1311 1221 ὁ
1355 1169 1609 1237 Κόδρος
1648 1168 1872 1235 αὑτόν,

181 1258 260 1320 ὡς
313 1258 511 1310 πάλαι
566 1254 720 1310 ποτὲ
774 1258 890 1325 τὴν
944 1260 1285 1326 χορηγίαν,
1341 1257 1545 1332 οὕτως
1592 1255 1873 1310 ἐπέδωκε

178 1345 617 1416 Δημοσθένης
655 1347 772 1414 τὴν
810 1348 1037 1415 ψυχήν.

291 1435 377 1488 23.
410 1432 559 1488 Εἶεν.
592 1434 923 1497 ἐκδοθέντος
955 1434 1057 1504 μέν
1087 1455 1194 1504 μου
1227 1434 1357 1503 παρ’
1393 1435 1567 1504 ὑμῶν,
1599 1432 1641 1488 ὦ
1674 1435 1874 1504 ἄνδρες

112 1547 154 1581 15
172 1523 488 1592 Ἀθηναῖοι,
542 1531 782 1577 τοσαῦτα
827 1524 918 1577 καὶ
965 1526 1045 1577 ἔτι
1091 1527 1259 1576 πλείω
1308 1525 1447 1577 κακὰ
1492 1526 1873 1593 περιστήσεται

177 1614 278 1683 τὴν
315 1615 504 1682 πόλιν,
551 1612 622 1666 ἂν
669 1610 730 1666 δὲ
776 1611 906 1682 δόξῃ
947 1612 1373 1682 βουλευομένοις
1411 1613 1546 1681 ὑμῖν
1593 1612 1872 1666 ἀντειπεῖν

175 1709 252 1774 τῷ
284 1704 539 1774 Φιλίππῳ
563 1702 656 1754 καὶ
686 1703 748 1755 τὸ
782 1703 1000 1755 δίκαιον
1032 1702 1212 1754 δεῖσαι
1243 1706 1455 1768 μᾶλλον
1481 1702 1512 1770 ἢ
1537 1702 1597 1755 τὸ
1630 1710 1871 1771 πταῖσμα

177 1792 240 1844 τὸ
281 1792 524 1860 συμβάν,
570 1791 738 1843 πάλιν
785 1791 918 1843 αὐτὸ
965 1798 1128 1843 τοῦτο
1177 1789 1333 1854 ἄξιόν
1377 1811 1471 1857 μοι
1510 1791 1763 1844 θανάτου
1809 1792 1871 1844 τὸ

178 1881 300 1933 δεῖν
330 1899 396 1949 με
442 1880 658 1949 μακράν
704 1879 879 1941 οὕτως
926 1879 1216 1946 ἀναμεῖναι
1264 1882 1487 1948 βουλήν.
1535 1878 1624 1933 ἐπὶ
1669 1881 1726 1932 τί
1765 1881 1869 1949 γὰρ

110 1991 154 2023 so
179 1969 371 2022 δεῖσθε
432 1978 544 2021 τῶν
603 1967 766 2021 πέντε
827 1969 1043 2021 τούτων
1106 1969 1345 2038 ἡμερῶν;
1415 1968 1538 2021 εἰπέ
1593 1989 1699 2035 μοι.
1777 1969 1871 2022 ἵνα

177 2059 440 2126 πύθησθε
478 2058 626 2126 παρὰ
663 2065 763 2110 τοῦ
804 2058 1010 2126 δεῖνος,
1058 2059 1109 2110 εἰ
1154 2059 1416 2127 χρήσιμος
1455 2057 1643 2110 οὑτοσὶ
1683 2062 1869 2126 Δημο-

297 2193 323 2230 3
365 2187 480 2232 Xen.
515 2201 677 2231 comm.
703 2187 767 2231 IV
792 2192 831 2242 1,
853 2193 890 2232 1.
937 2188 1074 2232 Isocr.
1108 2187 1209 2231 Hel.
1250 2203 1297 2244 p.
1322 2191 1408 2231 210
1425 2188 1466 2231 b.
1517 2187 1635 2232 Plat.
1669 2187 1867 2232 Phaedr.

177 2263 221 2304 p.
248 2247 391 2291 234D
535 2251 561 2290 8
594 2247 722 2290 Dem.
757 2262 800 2303 p.
830 2251 942 2302 10‚6
1091 2252 1142 2290 11
1177 2247 1235 2290 cf.
1268 2262 1313 2303 p.
1340 2251 1451 2301 95‚9
1504 2250 1510 2303 Ι
1562 2246 1619 2291 cf.
1651 2261 1696 2302 p.
1723 2251 1867 2301 236‚7

299 2311 352 2350 12
387 2306 515 2349 Dem.
549 2305 679 2362 Lepi).
711 2321 756 2363 p.
784 2310 928 2360 465‚9

298 2429 323 2467 2
357 2423 492 2468 ἐάσαι
522 2424 632 2467 libri
665 2423 756 2467 edd
899 2429 924 2468 3
958 2422 1133 2476 παίζων
1169 2423 1333 2481 scripsi
1367 2424 1457 2467 coll
1487 2423 1535 2468 ll.
1563 2423 1610 2467 ll.
1689 2422 1866 2477 παίζων

179 2481 290 2537 μήτε
321 2481 470 2527 πίνων
495 2485 588 2528 Ath
663 2482 813 2527 πίνων
845 2484 891 2527 Ρ
931 2483 1012 2527 sed
1043 2500 1098 2540 γρ
1137 2480 1315 2535 παίζων
1353 2483 1403 2526 in
1442 2497 1595 2540 marg,
1637 2483 1726 2526 edd

180 2548 206 2585 5
230 2541 469 2598 ”Ἐλληνας,
515 2541 609 2586 διὰ
639 2541 926 2600 πρέσβεων
958 2540 1248 2598 Ἀθηναῖοί
1280 2542 1384 2586 coni
1417 2542 1619 2586 Sintenis
1740 2547 1766 2585 9
1798 2545 1867 2587 λε-

179 2599 333 2657 γέσθω
366 2601 545 2657 scripsi,
578 2603 629 2644 ut
662 2602 766 2645 coni
798 2601 899 2645 Mor
973 2599 1191 2657 λέγεσθαι
1215 2602 1309 2645 Ath
1369 2599 1559 2658 λέγεσθε
1583 2602 1629 2644 Ρ
1657 2601 1748 2644 edd

183 2664 236 2702 10
261 2658 491 2705 ἐπέδωκεν
516 2659 767 2703 delendum
791 2661 948 2704 censet
971 2660 1133 2704 Iacobs
1159 2660 1272 2704 Lech
1290 2664 1372 2703 101
1398 2660 1495 2703 Rev
1512 2665 1537 2704 3
1662 2665 1714 2703 11
1740 2660 1866 2709 Λεὼς

180 2719 345 2775 scripsi
378 2733 482 2763 cum
512 2718 722 2764 Iacobsio
783 2720 894 2770 λεὼς
927 2718 1036 2762 libri
1069 2719 1160 2762 edd
1282 2723 1337 2761 14
1368 2719 1496 2775 ἡμῶν
1528 2719 1597 2762 Re
1719 2723 1773 2762 16
1806 2717 1866 2762 ἂν

180 2776 231 2820 δὲ
264 2778 430 2834 scripsi
461 2793 567 2822 cum
598 2777 807 2821 Iacobsio
839 2778 953 2821 Lect
985 2782 1067 2821 101
1101 2777 1198 2821 Rev
1231 2783 1255 2820 3
1291 2777 1471 2822 Sinteni
1503 2777 1659 2821 Gasda.
1729 2777 1788 2822 ἄν
1818 2794 1866 2822 τε

179 2835 289 2879 libri
327 2837 419 2880 edd
553 2840 606 2880 18
640 2850 820 2881 comma
850 2839 958 2892 post
989 2836 1167 2894 συμβάν
1198 2837 1347 2893 posui,
1378 2839 1611 2892 punct-um
1634 2836 1743 2880 libri
1774 2836 1865 2880 edd

302 2901 354 2938 19
386 2911 440 2952 με
465 2895 630 2951 scripsi
655 2897 844 2939 auctore
869 2895 1050 2939 Sinteni
1111 2894 1196 2950 μὲν
1220 2895 1327 2938 libri
1344 2895 1435 2938 edd
1555 2900 1608 2938 21
1637 2895 1678 2939 εἰ
1701 2895 1865 2950 scripsi

181 2967 236 2996 ex
260 2956 353 2999 Ath
414 2956 475 3006 ὡς
498 2957 543 2999 Ρ
570 2955 660 2997 edd
