2010 3168
643 59 1058 108 GALLAESCHRI
1088 61 1313 107 ORATIO
1716 63 1820 115 103

131 201 216 268 ἄν,
256 207 362 253 νῦν
401 196 544 268 ἔχων
582 199 649 252 οὐ
691 199 901 266 δώσεις,
943 196 1059 251 ἀλλ’
1107 198 1511 269 ἀκριβολογήσῃ
1551 199 1690 268 πρὸς
1728 200 1819 252 άν-

131 294 362 359 θρωπον
401 287 504 342 οὐκ
543 286 1149 358 ἀκριβολογησάμενον;

243 377 330 430 29.
369 377 497 430 Εἰσὶ
536 375 627 430 καὶ
666 378 900 444 πατράσι
941 375 1067 446 περὶ
1106 377 1325 429 παίδων
1370 379 1611 444 κείμενοι
1659 380 1821 444 νόμοι

131 469 274 520 πολὺ
313 467 526 520 τούτων
565 474 677 518 τῶν
709 464 1104 535 γεγραμμένων
1136 467 1451 535 σεμνότεροι
1491 465 1615 535 παρ’
1656 467 1823 535 αὐτῆς

130 555 391 624 παγέντες
429 563 524 623 τῆς
567 556 811 621 Φύσεως,
852 558 911 608 οἳ
938 555 1236 624 βούλονται
1269 557 1399 617 τοὺς
1431 558 1823 625 γεγεννηκότας

131 643 255 714 περὶ
293 645 547 707 πλείονος
587 643 770 696 αὑτῶν
809 645 875 696 τὰ
913 643 1179 714 τεχθέντα
1224 651 1507 698 ποιεῖσθαι
1552 646 1642 698 καὶ
1689 653 1822 698 πᾶσι

131 743 246 797 τοῖς
283 734 421 801 ὑπὲρ
461 733 645 786 αὐτῶν
685 734 921 802 ἥδεσθαι
961 735 1168 796 πόνοις.
1215 734 1305 786 καὶ
1351 735 1406 786 τί
1443 733 1512 786 ἂν
1552 733 1700 802 λέγοι
1740 754 1823 796 τις

131 831 237 892 γῆν
267 822 405 891 ὑπὲρ
438 825 650 876 τούτων
682 821 1050 891 σπειρομένην
1080 821 1170 875 καὶ
1203 823 1487 875 θάλατταν
1514 822 1823 892 πλεομένην

131 912 222 965 καὶ
269 914 511 982 χρήματα
557 911 925 981 ἀθροιζόμενα
978 910 1068 964 καὶ
1119 915 1330 974 πόνους
1375 911 1465 964 καὶ
1516 911 1823 982 ἀγρυπνίας

130 1000 220 1055 καὶ
261 1003 459 1068 λόγους
496 999 587 1054 καὶ
626 987 867 1070 γνώμας,
907 999 1030 1053 ἀλλ’
1064 1000 1136 1069 ἢν
1173 999 1424 1068 πολέμιοι
1457 1004 1823 1070 κρατήσαντες

131 1093 338 1153 πόλεως
369 1091 584 1159 αἵρεσιν
615 1100 731 1152 τοῖς
761 1091 995 1157 πατράσι
1030 1091 1261 1143 διδῶσιν
1293 1089 1325 1158 ἢ
1352 1091 1554 1153 αὐτοὺς
1578 1091 1823 1159 ἀποθνή-

133 1194 285 1233 σκειν
332 1179 364 1248 ἢ
412 1181 543 1242 τοὺς
589 1180 789 1242 παῖδας
836 1178 1071 1247 ἐφορᾶν,
1111 1179 1310 1242 πάντες
1349 1178 1420 1232 ἂν
1459 1179 1669 1243 εὐθέως
1714 1179 1822 1232 ὑπὸ

131 1270 198 1322 τὰ
237 1267 367 1337 ξίφη
409 1267 671 1337 τρέχοιεν.
710 1270 957 1337 γίγνεται
997 1265 1056 1321 δὲ
1088 1267 1194 1321 κάν
1223 1279 1341 1331 ταῖς
1373 1267 1702 1339 ἀρρωστίαις
1734 1274 1825 1322 ἴσα

131 1358 279 1427 παρὰ
324 1367 436 1411 τῶν
482 1363 634 1411 θεῶν
682 1367 795 1410 τῶν
849 1358 1053 1411 τοκέων
1107 1359 1413 1412 αἰτούντων
1467 1358 1670 1421 αὑτοὺς
1722 1355 1824 1425 μὲν

133 1447 415 1511 ἀπελθεῖν,
459 1450 553 1517 ζῆν
593 1444 653 1499 δὲ
691 1449 822 1510 τοὺς
862 1446 914 1511 ἐξ
954 1447 1152 1500 αὑτῶν.
1215 1447 1300 1500 30.
1340 1448 1555 1500 τούτων
1602 1446 1823 1515 οὐδένα,

133 1536 221 1589 ὅτε
262 1534 675 1604 ἐτυραννεῖσθε,
725 1545 837 1589 τῶν
875 1537 1061 1605 νόμων
1102 1536 1328 1606 ἐζήτησα
1367 1533 1498 1589 οὐδὲ
1539 1534 1829 1606 ἐξέκρουσέ

133 1645 241 1692 μου
280 1632 375 1693 τῆς
415 1623 594 1688 δεξιᾶς
640 1625 824 1688 οὐδεὶς
869 1626 930 1678 τὸ
979 1627 1235 1695 σιδήριον
1282 1625 1414 1679 οὐδὲ
1461 1623 1679 1689 ἐξέλυσε
1725 1626 1826 1693 τὴν

133 1713 306 1784 ὀργὴν
347 1710 478 1767 οὐδὲ
509 1714 611 1783 τὴν
642 1714 819 1784 ὁρμὴν
851 1713 1143 1783 ἐκώλυσεν,
1174 1714 1324 1783 οὐδέ,
1354 1714 1517 1783 ἡνίκα
1548 1715 1650 1782 τὴν
1680 1716 1825 1783 πρώ-

253 1925 278 1964 5
312 1920 370 1964 cf.
403 1921 463 1964 ad
494 1922 528 1965 t.
561 1920 602 1964 V
627 1925 771 1976 518‚5

196 2118 218 2156 1
254 2112 283 2156 ἃ
314 2115 422 2170 post
453 2111 513 2157 ἄν
543 2111 667 2156 inser
693 2111 804 2156 Ma²
838 2115 844 2169 Ι
887 2119 973 2157 νῦν
1006 2126 1080 2156 om
1104 2113 1305 2158 LaVv'OZ
1316 2113 1384 2157 Va
1445 2113 1571 2157 inser
1596 2112 1707 2158 Ma²

136 2177 161 2216 3
194 2171 245 2216 δὲ
279 2175 389 2216 ante
420 2172 500 2216 καὶ
526 2171 670 2216 MaCz
717 2174 723 2228 Ι
774 2171 909 2227 νόμοι
942 2169 1144 2228 κείμενοι
1170 2172 1540 2218 LaViMaGlVa
1683 2177 1709 2215 4
1748 2186 1824 2216 ras

136 2237 160 2275 2
192 2231 274 2275 litt
296 2234 403 2275 ante
428 2229 754 2288 γεγραμμένων
780 2232 855 2276 La
975 2236 1000 2274 6
1034 2232 1188 2276 αὐτῶν
1206 2233 1281 2276 La
1292 2232 1497 2277 ViMaGl
1508 2233 1576 2277 Va
1603 2234 1608 2288 Ι
1636 2249 1660 2275 τ
1684 2230 1824 2290 χθέν-

133 2307 191 2335 τα
223 2305 327 2335 cum
358 2303 434 2334 ras
471 2298 488 2333 1
525 2290 604 2333 litt
631 2292 718 2334 Ma
862 2294 885 2333 7
919 2291 1063 2335 αὐτοῦ
1091 2291 1180 2335 Μα
1229 2292 1235 2348 Ι
1284 2288 1354 2342 τίς
1378 2291 1521 2335 LaVi
1661 2296 1686 2334 8
1718 2291 1825 2346 περὶ

139 2350 281 2395 Maol
294 2352 360 2395 Va
401 2350 481 2394 sed
519 2349 569 2392 in
608 2349 696 2393 hoc
735 2366 790 2406 γρ
827 2350 940 2404 ὑπὲρ
974 2349 1022 2392 in
1054 2364 1186 2406 marg
1218 2349 1288 2393 m²
1433 2355 1484 2394 11
1519 2348 1697 2407 αἵρεσιν
1730 2358 1827 2401 τοῖς

134 2409 335 2463 πατράσι
367 2411 558 2453 διδῶσιν
591 2408 639 2451 in
672 2423 804 2466 marg
836 2409 915 2454 Vi²
946 2423 1021 2453 om
1047 2410 1121 2453 La
1160 2412 1165 2464 Ι
1204 2409 1431 2464 θνήσκειν
1455 2411 1531 2454 La
1544 2410 1746 2454 Ve'MaOI
1759 2411 1826 2453 Va

136 2470 182 2513 B
214 2471 261 2512 ef,
291 2486 346 2525 γρ
377 2469 426 2511 in
467 2483 597 2525 marg
629 2467 729 2512 Mor
851 2473 904 2512 13
937 2466 1115 2525 γίνεται
1142 2469 1286 2514 Man
1298 2469 1365 2512 Va
1403 2471 1409 2523 Ι
1450 2466 1527 2512 ἶσα
1554 2469 1825 2514 MaClVaB

257 2533 310 2572 14
351 2527 478 2582 παρὰ
502 2529 579 2572 La
611 2527 691 2570 sed
730 2527 866 2572 ambo
907 2545 936 2571 α
976 2527 1025 2570 in
1057 2542 1131 2571 ras
1155 2530 1185 2584 f
1251 2529 1357 2583 περὶ
1392 2529 1450 2572 Va·
1489 2528 1567 2571 sed
1608 2527 1737 2582 παρὰ
1775 2528 1823 2571 in

135 2599 270 2644 marg
307 2587 376 2630 m²
425 2590 432 2643 Ι
482 2586 652 2636 αὐτοὺς
694 2586 859 2643 scripsi
899 2601 924 2630 e
958 2588 1026 2631 Va
1102 2587 1271 2638 αὐτοὺς
1299 2588 1694 2633 MLaViMaczB
1734 2587 1825 2630 edd

258 2651 311 2689 15
346 2646 499 2690 αὐτῶν
531 2645 697 2701 scripsi
727 2659 833 2689 cum
866 2645 1022 2690 Gasda
1053 2646 1145 2690 coll
1168 2648 1201 2690 t.
1228 2646 1269 2688 V
1293 2651 1394 2699 514,
1415 2653 1464 2690 11
1530 2647 1684 2690 αὐτῶν
1714 2645 1825 2690 libri

137 2703 228 2747 edd
374 2710 427 2748 16
473 2703 714 2759 ἐζητήσατε
742 2706 803 2749 Μ
875 2705 1066 2761 ἐζήτησά
1103 2722 1150 2750 τε
1190 2705 1292 2749 Mor
1330 2706 1412 2750 sed
1451 2723 1504 2762 γρ
1545 2705 1742 2764 ἐξῄτησα
1775 2704 1825 2748 in

137 2777 269 2819 malg
344 2762 540 2818 ἐξήτασα
587 2763 749 2808 Iacobs
797 2764 924 2807 Anth
968 2763 1143 2808 Palm
1186 2769 1271 2809 763
1419 2769 1471 2809 17
1495 2765 1569 2808 -τὸ
1615 2762 1824 2819 σιδήριον

137 2822 290 2927 οῑύδῗές
315 2823 457 2868 LaVi
505 2824 511 2880 Ι
555 2822 709 2873 οὐδεὶς
739 2822 840 2867 Μοι·
871 2823 952 2867 sed
985 2841 1038 2880 γρ
1072 2825 1134 2874 εἰς
1160 2823 1208 2867 in
1241 2837 1375 2882 marg
1415 2825 1422 2880 1
1467 2828 1519 2866 17
1555 2826 1602 2867 et
1636 2828 1689 2867 18
1715 2819 1821 2868 οὐδ’

184 2895 214 2924 a
262 2897 281 2925 ι

1847 1023 1890 1055 10

1850 1468 1891 1501 15
