2010 3168
876 593 1070 647 XXIX.

243 718 470 766 Secunda
501 719 713 781 parasiti
745 717 1040 766 declamatio
1073 720 1314 782 inscripta
1348 718 1686 784 Παράσιτος
1718 726 1822 768 τοῦ

126 789 453 857 τρέφοντος
500 791 682 842 αὐτὸν
729 792 1257 855 φιλοσοφήσαντος
1304 791 1516 842 ἑαυτὸν
1563 807 1822 859 προσαγ-

126 864 340 932 γέλλει,
363 862 366 864 ’
391 882 490 929 qua
535 867 806 929 parasitus,
855 867 974 928 quia
1013 866 1240 915 dominus
1278 867 1621 930 philosophiae
1656 870 1822 916 totum

127 956 178 989 se
211 940 362 1002 dedit,
395 957 424 988 a
455 944 631 990 senatu
661 940 790 1003 petit
820 942 878 988 ut
908 941 1072 989 cicuta
1102 941 1197 989 sibi
1222 935 1435 1009 deturl),
1466 942 1624 991 multo
1656 941 1820 990 minus

127 1031 279 1077 quam
308 1016 447 1078 prior
477 1016 697 1079 gratiam
722 1015 967 1063 lectorum
995 1015 1124 1064 iniit.
1135 1009 1177 1082 2)
1229 1011 1501 1078 ‘Corporis'
1531 1016 1688 1080 igitur
1718 1017 1821 1064 fere

124 1089 306 1138 finibus
339 1091 552 1138 coercita
582 1090 769 1138 mansit
800 1091 850 1136 et
879 1090 932 1137 in
956 1105 1140 1151 paucas
1166 1091 1362 1153 eclogas
1388 1090 1593 1138 transiit
1614 1106 1820 1152 parvus-

126 1180 224 1225 que
249 1166 324 1211 est
354 1178 590 1212 numerus
623 1163 849 1212 codicum
882 1163 1058 1225 quibus
1084 1165 1146 1212 ad
1177 1165 1306 1212 hanc
1338 1166 1554 1213 aetatem
1577 1165 1820 1226 pervenit.

127 1237 255 1285 Sunt
286 1241 453 1285 autem
484 1238 538 1285 hi
571 1239 661 1285 15:

235 1311 428 1374 Incipio
461 1328 490 1359 a
523 1307 916 1374 ‘corporalibus'.

242 1389 286 1434 1.
319 1386 914 1448 Hierosolymitanus
948 1386 995 1434 S.
1030 1384 1311 1448 Sepulcri
1342 1388 1445 1436 107
1473 1380 1568 1454 (=
1593 1381 1666 1454 H)
1693 1402 1819 1435 saec.

124 1459 242 1506 XIV
274 1460 358 1508 fol.
387 1462 508 1509 100.
568 1460 695 1508 Vide
725 1462 760 1508 t.
786 1459 833 1506 V
862 1477 910 1522 p.
939 1462 1044 1509 150
1062 1476 1131 1522 sq.
1196 1459 1411 1509 Contuli.

240 1536 286 1581 2.
325 1534 658 1582 Vaticanus
698 1550 768 1597 gr.
798 1535 903 1582 940
937 1527 1032 1600 (=
1058 1528 1126 1600 V)
1167 1550 1292 1583 saec.
1317 1528 1583 1600 XIHJXIV
1620 1535 1705 1583 fol.
1733 1535 1819 1583 85.

126 1608 256 1656 Vide
284 1610 320 1656 t.
350 1608 391 1655 V
422 1625 469 1670 p.
499 1610 602 1656 152
621 1625 692 1670 sq.
757 1606 970 1656 Contuli.

246 1766 287 1821 1)
313 1764 381 1807 De
408 1766 682 1822 argumento
707 1763 834 1808 idem
859 1765 984 1820 quod
1009 1764 1067 1808 de
1083 1765 1235 1825 priore
1251 1780 1297 1821 p.
1309 1769 1395 1808 565
1412 1766 1507 1809 not.
1521 1770 1543 1808 1
1564 1764 1662 1808 dixi
1679 1764 1819 1809 valet.

126 1822 262 1876 Quod
298 1836 322 1866 e
360 1823 600 1868 comoedia
638 1823 801 1880 aliqua
830 1823 992 1868 Attica
1030 1824 1091 1867 ad
1130 1813 1518 1881 philosophorum
1556 1823 1819 1869 cavillatio-

124 1896 232 1926 nem
256 1883 516 1940 composita
539 1883 728 1926 fluxisse
752 1883 1004 1927 conicienti
1027 1883 1205 1928 Kockio
1230 1883 1355 1928 Com.
1372 1884 1469 1927 Att.
1489 1883 1543 1928 fr.
1560 1883 1626 1926 III
1651 1888 1735 1927 672
1750 1898 1818 1939 sq.

125 1941 409 1998 adstipulari
446 1956 539 1986 non
578 1955 711 1998 queo.
774 1942 1063 1998 Anaxippi
1102 1946 1350 1998 Κεραυνοῦ
1389 1942 1703 2000 fragmentum
1740 1943 1820 1997 (ΠΙ

126 2005 272 2054 299,4
298 2023 352 2037 =
378 2001 442 2044 IV
465 2001 688 2058 465‚2M)
722 2002 782 2044 ad
822 2001 947 2057 quod
985 2003 1207 2057 provocat
1244 2017 1339 2047 non
1377 2002 1574 2060 praebet
1613 2002 1737 2058 quod
1768 2002 1820 2045 in

125 2059 468 2104 declamatione
506 2061 712 2104 iteretur.
774 2059 873 2104 Nec
910 2073 1018 2104 vero
1057 2061 1348 2118 probabilius
1387 2064 1460 2106 est
1498 2062 1624 2117 quod
1662 2061 1819 2105 Alci-

123 2119 358 2175 phronis
398 2120 624 2175 epistulas
662 2119 858 2163 Libanio
899 2132 1061 2163 ansam
1100 2121 1159 2164 ad
1200 2120 1593 2166 declamationem
1632 2134 1819 2177 compo-

125 2179 329 2221 nendam
362 2178 545 2223 dedisse
578 2179 779 2223 coniecit
809 2179 862 2223 R.
895 2178 1033 2223 Helm
1065 2179 1256 2236 (Lucian
1288 2181 1384 2223 und
1407 2180 1600 2236 Menipp
1626 2194 1672 2236 p.
1700 2182 1816 2235 185).

124 2236 251 2339 ἕαδε
290 2238 392 2294 ipse
432 2237 571 2283 affert
609 2238 841 2295 epistulae
871 2238 936 2282 111
961 2243 1018 2282 34
1057 2241 1104 2283 et
1143 2243 1199 2282 38
1237 2239 1314 2284 vel
1352 2238 1483 2283 aliud
1523 2238 1817 2296 propositum

159 2310 187 2339 a
221 2298 313 2340 ent.

245 2359 288 2411 2)
321 2355 476 2412 Atque
506 2356 555 2399 id
587 2355 778 2412 quidem
809 2356 923 2400 iure.
984 2357 1105 2401 Nam
1140 2359 1238 2401 arte
1270 2357 1415 2413 priori
1446 2356 1645 2400 multum
1678 2356 1818 2411 cedit,

123 2414 239 2469 quin
270 2415 414 2459 etiam
444 2415 690 2471 penuriam
721 2416 998 2460 facetiarum
1039 2419 1086 2460 et
1118 2416 1237 2460 exile
1277 2431 1424 2474 genus
1455 2415 1691 2460 tractandi
1722 2429 1817 2459 non

125 2474 279 2517 minus
312 2487 453 2529 quam
492 2476 676 2531 copiam
715 2490 881 2520 vocum
919 2475 992 2519 vel
1030 2475 1319 2520 locutionum
1352 2489 1380 2519 a
1411 2475 1608 2519 Libanio
1641 2474 1816 2518 aliena-

126 2547 229 2576 rum
265 2532 482 2589 (εὐκραής
510 2549 556 2590 p.
583 2538 778 2589 602,11;
819 2532 967 2585 ὕπνος
997 2533 1307 2591 ἀφρόντιστος
1338 2540 1439 2588 602,
1459 2540 1504 2587 23
1546 2531 1816 2590 διαπληκτί-

124 2595 291 2644 ζεσθαι
322 2596 422 2647 597,
442 2597 489 2646 6,
521 2590 916 2651 προσβασκαίνειν
947 2595 1509 2651 593,12,προσοιμώζειν
1534 2597 1634 2643 608,
1653 2597 1700 2647 5;
1731 2610 1815 2650 χα-

125 2658 312 2706 μευνεῐν
345 2655 526 2705 604,13
566 2653 614 2696 et
644 2653 703 2696 cf.
735 2652 1000 2703 ἐπιδεικνύς
1029 2667 1074 2710 p.
1101 2658 1208 2706 603,
1227 2657 1271 2710 9)
1311 2666 1475 2697 causas
1514 2651 1815 2720 gravissimas

125 2710 349 2765 praebere
373 2710 586 2754 existimo
611 2711 668 2755 de
693 2711 940 2756 authentia
964 2712 1322 2756 declamationis
1348 2711 1612 2765 dubitandi,
1643 2712 1697 2754 ut
1719 2711 1815 2754 iam

124 2769 362 2812 Iacobsius
381 2770 522 2826 (Lect.
533 2774 590 2813 98
607 2774 654 2813 et
669 2774 781 2814 nota
796 2771 999 2828 margini
1016 2771 1296 2827 exemplaris
1314 2770 1557 2814 Reiskiani
1574 2745 1816 2826 a’dscripta

124 2828 246 2871 etin
270 2828 494 2884 Catalogo
520 2828 749 2874 Manuscr.
775 2832 823 2874 et
853 2830 967 2874 bibl.
999 2830 1047 2874 F.
1081 2830 1300 2885 Iacobsii,
1334 2829 1539 2874 Berolini
1572 2833 1685 2872 1849
1727 2828 1814 2872 sub

124 2901 316 2931 numero
351 2891 461 2931 1041
496 2887 754 2945 publicata)
787 2902 890 2932 eam
922 2903 1015 2933 non
1046 2889 1247 2945 Libanii,
1280 2889 1361 2933 sed
1391 2888 1642 2932 imitatoris
1675 2901 1814 2944 saepe

123 2945 325 2990 infelicis
358 2960 457 2990 esse
482 2946 615 2991 dixit.
