2010 3168
206 92 316 144 214
674 91 902 135 LIBANH
930 91 1320 136 DECLAMATIO
1353 91 1482 136 XVII

205 226 423 300 πολέμῳ
463 226 554 280 καὶ
593 228 732 298 πρὸς
776 235 1047 281 τοσοῦτον
1092 222 1267 295 ἦλθεν
1318 227 1485 298 ὀργῆς
1524 229 1552 282 ὁ
1591 231 1895 300 πρᾳότατος

115 321 236 365 RIII
251 325 337 365 413
385 325 496 369 τῶν
525 314 828 384 Ἀθηναίων
861 317 1029 384 δῆμος
1062 316 1199 369 ὥστε
1222 318 1479 385 ψήφισμα
1504 316 1718 386 ἐνίκησε
1752 317 1759 389 Ι
1793 319 1895 387 τὴν

205 407 369 459 πόλιν
423 404 635 474 ἡβηδὸν
689 404 930 472 ἀνελεῖν,
991 405 1082 458 καὶ
1135 412 1299 458 τοῦτο
1362 405 1609 476 φέρουσα
1669 409 1896 477 τριήρης

205 496 370 547 ἔπλει.
431 492 687 562 ἐκκλησία
749 492 980 559 δευτέρα
1032 491 1123 545 καὶ
1178 495 1455 547 Διοδότου
1511 497 1675 563 λόγος
1731 493 1895 549 ἐπιει-

159 582 479 652 ικέστερος,
525 580 616 634 καὶ
662 583 921 651 ψήφισμα
968 581 1143 650 ἐλύθη
1189 584 1514 651 ψηφίσματι.
1576 583 1662 636 41.
1702 584 1792 637 καὶ
1841 587 1900 637 τί

207 674 294 725 δεῖ
343 673 409 724 τὰ
453 671 630 724 πολλὰ
684 670 887 739 λέγειν;
943 669 1059 724 ἀλλ’
1106 669 1185 724 ἔτι
1238 670 1328 723 καὶ
1382 679 1490 724 νῦν
1544 671 1744 742 ἑτέρων
1793 670 1895 740 μὲν

207 760 610 829 ἐπιθυμοῦντες
657 761 734 822 είς
779 761 875 821 τὰς
923 758 1208 827 ἐκκλησίας
1254 758 1578 827 ἀναβαίνετε
1615 762 1895 830 πολλάκις,

204 849 361 920 ἕτερα
409 848 458 902 δ’
504 847 810 918 ἀπέρχεσθε
856 847 1222 917 ἐψηφισμένοι
1267 857 1380 902 τῶν
1425 853 1705 917 λογισμῶν
1758 868 1895 920 παρ-

208 941 409 992 ιόντων
447 939 542 1000 τὰς
582 936 894 1007 ἐπιθυμίας.
933 939 989 990 τί
1025 933 1130 990 οὖν
1179 939 1507 1007 θαυμαστὸν
1544 941 1895 1007 βουληθῆναι

141 1049 182 1080 ιο
207 1028 308 1096 μὲν
346 1028 411 1080 τὰ
449 1027 612 1097 χείρω
652 1028 783 1088 τοὺς
822 1026 1227 1095 ἀμφικτύονας,
1266 1034 1489 1094 ποιῆσαι
1529 1018 1591 1079 δὲ
1627 1028 1792 1095 κύρια
1830 1028 1896 1080 τὰ

207 1118 400 1184 βελτίω
439 1117 722 1183 μαθόντας
759 1115 861 1183 τὴν
901 1113 962 1168 ἐν
1001 1108 1083 1178 οἷς
1123 1114 1421 1182 ἐβούλοντο
1461 1116 1695 1184 βλάβην;

316 1220 403 1272 42.
460 1219 619 1272 Οὕτω
676 1218 965 1288 χρηστέον,
1021 1220 1284 1287 Αἰσχίνη,
1337 1226 1401 1288 τῇ
1459 1219 1732 1288 δεινότητι
1785 1229 1896 1272 τῶν

205 1311 386 1376 λόγων
423 1309 559 1361 κατὰ
598 1317 710 1360 τῶν
751 1307 970 1377 ἐχθρῶν
1008 1304 1146 1377 ὑπὲρ
1187 1317 1298 1359 τῶν
1339 1308 1587 1374 δικαίων,
1626 1309 1763 1377 πρὸς
1794 1305 1896 1376 μὲν

204 1400 334 1460 τοὺς
381 1398 582 1459 ἄλλους
623 1395 893 1465 ’Έλληνας
945 1393 1083 1466 ὑπὲρ
1139 1396 1396 1449 ἁπάντων
1450 1406 1561 1449 τῶν
1599 1394 1895 1466 Ἑλλήνων,

140 1508 180 1541 15
206 1486 271 1538 οὐ
311 1487 385 1552 μὰ
425 1487 555 1553 Δία,
594 1485 731 1537 κατὰ
768 1493 878 1537 τῶν
918 1484 1218 1553 συμμάχων
1255 1480 1394 1552 ὑπὲρ
1433 1493 1544 1536 τῶν
1578 1485 1893 1553 βαρβάρων,

205 1573 306 1627 οὐκ
345 1576 407 1627 ἐν
445 1582 563 1636 ταῖς
601 1571 911 1642 ἐκκλησίαις
950 1570 1038 1625 ἐπὶ
1077 1573 1448 1641 παρακρούσει
1489 1582 1598 1625 τῶν
1633 1577 1894 1641 πολιτῶν,

204 1661 294 1715 καὶ
333 1663 568 1731 μάλιστα
605 1658 708 1730 μὲν
745 1668 1027 1729 πανταχοῦ
1066 1661 1132 1713 τὰ
1171 1662 1356 1713 δίκαια
1394 1671 1575 1729 τιμᾶν,
1616 1664 1667 1714 εί
1702 1659 1749 1714 δ’
1790 1662 1896 1730 ἄρα

206 1752 291 1804 δεῖ
342 1769 451 1804 που
505 1749 595 1803 καὶ
651 1753 1021 1819 σοφίσασθαι,
1077 1745 1143 1801 οὗ
1197 1751 1647 1817 πλεονεκτήσειεν
1694 1751 1764 1802 ἄν
1813 1770 1894 1812 τις

204 1849 315 1892 τῶν
356 1837 593 1908 ἐχθρῶν,
634 1837 880 1892 ἐνταῦθα
917 1838 1105 1907 καιρὸς
1142 1846 1253 1890 τῶν
1291 1837 1623 1905 κλεμμάτων.
1678 1837 1764 1890 43.
1807 1838 1894 1891 σοὶ

138 1953 181 1984 20
206 1925 266 1981 δὲ
313 1924 480 1981 οὐδὲν
530 1925 642 1980 ἔδει
697 1927 1054 1996 σοφισμάτων
1109 1923 1240 1979 οὐδὲ
1294 1928 1583 1994 ποικίλων,
1639 1928 1894 1995 Αἰσχίνη,

205 2022 410 2085 λογων,
458 2015 574 2069 ἀλλ’
629 2017 875 2086 ὑπῆρχεν
921 2015 1173 2084 ἀφθονία
1221 2015 1467 2083 δικαίων,
1522 2013 1647 2083 μεθ’
1707 2012 1770 2083 ἧς
1825 2016 1895 2067 ἄν

204 2126 286 2168 τις
338 2125 428 2158 και
484 2115 596 2158 τῶν
651 2105 888 2158 ἰδιωτῶν
943 2104 1008 2156 οὐ
1064 2108 1309 2172 χαλεπῶς
1363 2102 1555 2167 ἐξέωσε
1614 2106 1894 2156 Φίλιππον

325 2285 349 2322 2
394 2279 536 2324 Thuc.
570 2280 634 2323 ΙΠ
666 2284 802 2335 35‚2.
851 2279 986 2322 Diod.
1021 2278 1064 2322 S.
1099 2278 1171 2334 (id
1213 2280 1283 2322 est
1314 2278 1549 2334 Ephorus)
1582 2277 1666 2320 XII
1692 2282 1746 2320 55

206 2343 232 2382 3
271 2338 413 2382 Thuc.
439 2338 504 2381 111
526 2343 604 2394 49,
624 2344 646 2382 1
793 2343 819 2381 4
861 2338 917 2382 cf.
942 2340 976 2381 t.
1002 2337 1045 2380 H
1068 2341 1176 2391 460,
1195 2342 1250 2381 20
1292 2351 1328 2380 c.
1363 2337 1528 2391 schol.;
1575 2338 1607 2379 t.
1634 2336 1677 2379 V
1702 2341 1801 2389 129,
1821 2341 1890 2380 13.

205 2397 347 2441 Thuc.
373 2397 436 2440 III
459 2402 513 2440 41
653 2402 678 2440 5
712 2412 778 2453 sq.
811 2397 940 2440 Dem.
965 2412 1010 2452 p.
1037 2401 1137 2450 886,
1157 2401 1211 2440 28
1358 2401 1382 2438 6
1417 2396 1474 2440 cf.
1505 2398 1537 2439 t.
1564 2395 1627 2438 IV
1660 2399 1759 2450 243,
1779 2399 1833 2438 10
1851 2395 1892 2437 R

325 2460 378 2499 16
411 2456 541 2500 Dem.
565 2471 608 2512 p.
637 2460 782 2512 679,3
904 2460 958 2499 18
991 2455 1133 2499 Thuc.
1165 2455 1208 2499 V
1233 2460 1316 2510 9‚3

323 2623 349 2661 4
375 2617 531 2662 εὕπλει
552 2618 654 2662 Mor
680 2622 687 2674 1
715 2616 897 2663 ἐδίδοτο
924 2618 1013 2662 Ma
1135 2622 1158 2660 7
1185 2615 1460 2674 ἀναβαίνετε
1483 2615 1670 2671 reposui
1695 2629 1719 2658 e
1742 2614 1889 2669 libris,

204 2678 258 2719 ut
289 2677 392 2720 coni
422 2676 490 2721 Re
551 2675 861 2735 ἀναβαίνουσι
894 2677 984 2720 edd
1105 2681 1129 2718 8
1163 2675 1214 2720 δὲ
1245 2677 1313 2719 Re
1341 2679 1347 2732 Ι
1376 2674 1636 2733 ἀπέρχεσθε
1669 2674 1833 2730 scripsi
1865 2687 1888 2716 e

208 2781 298 2824 Ma
373 2753 620 2836 ἕπέρχεσθε
647 2780 692 2823 Ρ
766 2780 1014 2837 ἐπέρχεσθε
1039 2780 1134 2823 Ath
1210 2779 1401 2837 ἔρχεσθε
1441 2778 1531 2821 edd
1570 2777 1652 2820 sed
1684 2778 1889 2843 „mallem

206 2837 512 2895 κατέρχεσθε“
529 2839 598 2882 Re
721 2843 774 2882 10
792 2837 1113 2895 ἀμφικτυόνας
1135 2840 1181 2883 P
1297 2843 1350 2880 14
1368 2835 1589 2880 ἁπάντων
1606 2843 1698 2879 τῶν
1723 2835 1888 2891 scripsl

206 2910 260 2940 ex
277 2898 463 2941 AthMa
522 2897 710 2942 πάντων
728 2898 774 2941 Ρ
797 2898 888 2941 edd
1009 2902 1062 2941 17
1094 2903 1238 2953 τιμῶν
1255 2896 1356 2940 Mor
1476 2900 1529 2938 21
1556 2895 1763 2951 ἀπῆρχεν
1786 2894 1888 2938 Mor
