2010 3168
114 1051 155 1082 10

112 1498 153 1531 15

113 1943 155 1975 80

188 93 291 144 144
648 93 832 138 LIBAN
832 93 876 137 11
905 93 1295 139 DEGLAMATIO
1326 94 1409 137 XV

180 230 253 291 ὡς
292 228 554 298 ἀνδρείαν
592 228 990 298 ὑποκορίζεται,
1033 230 1094 283 τὸ
1143 228 1204 284 δὲ
1244 227 1487 299 ἀσφαλὲς
1540 230 1613 292 ὡς
1660 231 1872 283 δειλίαν

179 317 449 386 μέμφεται
511 318 613 371 οὐκ
677 318 836 381 εἰδὼς
890 318 970 371 ὅτι
1036 319 1286 388 οὐδαμοῦ
1343 319 1405 372 τὸ
1469 319 1871 389 ῥιψοκίνδυνον

181 405 357 475 ἀρετή.
398 405 523 475 μηδ’
572 407 672 460 ὅσα
711 410 911 476 τόλμης
952 403 1094 461 εἶναι
1134 409 1303 475 δοκεῖ,
1343 401 1465 461 οἷον
1496 410 1751 461 ναυτιλία
1780 407 1870 460 καὶ
1920 430 1922 432 ·

178 497 432 563 πόλεμος,
480 497 612 565 μήτε
662 498 1003 566 κυβερνήτης
1043 498 1422 565 φιλονεικείτω
1469 497 1609 566 πρὸς
1649 496 1870 550 ἐναντία

178 585 459 651 πνεύματα
519 585 656 653 μηδὲ
717 588 1060 654 ναυμαχείτω
1120 595 1233 649 τοῖς
1288 588 1528 652 κύμασιν
1592 585 1715 648 ἐξὸν
1776 587 1871 648 τὰς

179 676 447 742 νομίμους
511 675 656 743 ὥρας
718 673 1015 743 ἀναμένειν
1076 675 1166 727 καὶ
1230 676 1295 728 τά
1358 674 1508 738 δεξιὰ
1570 675 1870 742 πνεύματα,

179 763 334 827 σώζει
395 764 500 832 γὰρ
563 763 737 826 οὕτως
798 765 900 832 τήν
956 783 1014 816 τε
1076 771 1218 816 ναῦν
1279 763 1367 816 καὶ
1429 764 1558 825 τοὺς
1619 761 1680 816 ἐν
1734 763 1870 832 αὐτῇ

178 850 468 916 πλέοντας,
516 853 647 920 μήτε
695 853 997 921 στρατηγὸς
1043 851 1482 922 παραβαλλέσθω
1539 851 1742 922 ῥᾳδίως
1795 858 1869 922 τῷ

179 939 527 1012 στρατοπέδῳ
553 937 690 1010 μηδὲ
715 941 952 1008 ἀκαίρως
983 940 1380 1010 ἀναρριπτείτω
1413 938 1537 1009 περὶ
1568 950 1679 993 τῶν
1709 940 1870 1008 ὅλων,

181 1029 320 1082 ὅπου
367 1040 617 1099 κρεῖττον
657 1031 792 1082 ἄνευ
839 1030 1024 1099 μάχης.
1088 1030 1426 1098 στρατιώτου
1465 1026 1565 1098 μὲν
1604 1029 1709 1097 γάρ
1758 1028 1870 1081 ἐστι

177 1117 267 1171 καὶ
306 1119 507 1172 τούτου
547 1122 833 1187 μισθωτοῦ
873 1122 1169 1188 προΐεσθαι
1217 1119 1419 1189 ῥᾳδίως
1465 1118 1660 1186 αὑτόν,
1713 1132 1870 1188 στρα-

178 1215 349 1276 τηγοῦ
398 1205 459 1260 δὲ
506 1209 595 1261 καὶ
650 1209 981 1277 δημαγωγοῦ
1028 1209 1089 1261 τὸ
1145 1211 1252 1261 σὺν
1307 1207 1575 1277 ἀσφαλείᾳ
1631 1215 1870 1260 σκοπεῖν.

177 1297 263 1349 49.
304 1299 386 1359 τίς
425 1296 669 1350 ἀπώλεσε
708 1299 838 1360 τοὺς
879 1297 938 1349 ἐν
969 1296 1312 1366 Ἀμφιπόλει,
1352 1302 1413 1349 τὸ
1448 1295 1706 1358 Κλέωνος
1745 1294 1870 1349 ἀλό-

178 1399 370 1454 γιστον
423 1386 648 1455 θράσος.
702 1388 784 1448 τίς
845 1389 975 1449 τοὺς
1029 1387 1089 1440 ἐν
1145 1386 1396 1455 Σικελίᾳ;
1450 1387 1871 1453 θρασυνόμενος

178 1473 532 1542 Ἀλκιβιάδης.
596 1477 642 1527 εἰ
698 1473 758 1528 δὲ
814 1478 985 1546 Νικίᾳ
1046 1483 1119 1548 τῷ
1175 1484 1485 1543 προορῶντι
1547 1475 1607 1527 τὸ
1668 1473 1870 1543 μέλλον

179 1562 541 1632 ἐπείσθησαν,
597 1565 699 1617 οὐκ
753 1564 822 1617 ἂν
875 1572 1046 1618 ταῦτα
1101 1563 1418 1631 ἐπέπρακτο.
1481 1564 1570 1616 δεῖ
1620 1564 1723 1632 γὰρ
1779 1561 1870 1615 καὶ

178 1653 377 1722 μάντιν
417 1647 558 1706 εἶναι
590 1654 688 1706 τὸν
721 1653 925 1723 ῥήτορα
961 1652 1052 1706 καὶ
1084 1661 1183 1706 τοῦ
1217 1651 1343 1705 καθ’
1383 1652 1555 1705 αὑτὸν
1586 1652 1870 1720 ἀσφαλοῦς

179 1741 576 1811 ἐπιμελεῖσθαι·
632 1740 721 1794 καὶ
777 1743 881 1811 γὰρ
936 1744 997 1796 τὸ
1051 1743 1245 1796 κοινὸν
1300 1742 1442 1795 οὕτω
1497 1739 1738 1809 βούλοιτ’
1801 1741 1870 1793 ἂν

179 1831 523 1900 ὀρθοῦσθαι,
580 1832 712 1884 ὅταν
774 1839 874 1884 τοῦ
929 1830 1058 1884 καθ’
1121 1831 1291 1884 αὑτὸν
1345 1830 1546 1900 μέρους
1607 1831 1869 1899 φαίνηται

178 1922 606 1987 προνοούμενος.
655 1921 757 1973 οὐκ
797 1923 891 1988 ἄν,
933 1923 982 1974 εἰ
1019 1930 1133 1983 τοῖς
1170 1919 1483 1989 προμηθέσι
1524 1921 1870 1988 δημαγωγοῖς

178 2008 490 2077 ἐπείθοντο,
522 2011 801 2073 τοιαύταις
832 2012 1075 2078 γνώμαις
1106 2009 1421 2079 ἐχρήσαντο.
1461 2017 1567 2062 νῦν
1600 2005 1661 2060 δὲ
1685 2006 1868 2076 Ὑπέρ-

212 2199 213 2202 ,
300 2160 321 2198 1
355 2155 474 2199 Plat.
507 2169 601 2211 rep.
627 2155 691 2199 III
721 2170 767 2212 p.
793 2155 934 2200 400E
1058 2160 1111 2199 17
1146 2155 1205 2199 cf.
1235 2170 1281 2211 p.
1310 2159 1409 2210 150,
1430 2162 1452 2199 1

299 2294 320 2330 1
356 2289 417 2339 ὡς
449 2288 574 2332 delet
606 2287 805 2332 Cobetus
834 2291 839 2345 Ι
867 2287 1069 2343 ἀνδρίαν
1096 2290 1185 2333 Μα
1212 2290 1218 2345 Ι
1246 2289 1307 2340 ὡς
1338 2288 1503 2344 scripsi
1577 2286 1642 2337 εἰς
1668 2288 1756 2331 Μα
1788 2286 1868 2330 sed

179 2348 227 2391 in
251 2362 326 2391 ras
350 2347 432 2401 αι’,
450 2349 495 2391 Ρ
519 2349 525 2403 Ι
554 2346 731 2392 δειλίαν
751 2349 839 2422 Μιι
864 2349 945 2392 sed
970 2351 1042 2393 δει
1066 2350 1112 2392 et
1131 2346 1147 2391 ί
1163 2348 1213 2391 in
1229 2362 1303 2391 ras
1320 2347 1390 2391 ω’
1511 2351 1535 2389 2
1565 2344 1633 2389 ὅτι
1658 2346 1867 2401 οὐδαμοῦ

180 2451 344 2506 scripsi
377 2466 399 2494 e
428 2453 515 2495 Ma
585 2424 860 2507 οὐδαμοῦως
890 2452 1099 2507 οὐδαμου
1124 2452 1170 2495 Ρ
1309 2456 1333 2493 3
1374 2449 1434 2506 μὴ
1475 2449 1526 2493 δὲ
1553 2451 1641 2493 Μα
1725 2447 1784 2504 μὴ
1818 2448 1863 2491 δ’

179 2512 225 2554 Ρ
357 2514 381 2553 5
414 2509 529 2565 μηδὲ
562 2511 727 2566 scripsi
797 2510 940 2566 μηδὲν
973 2510 1089 2567 ἔχων
1116 2511 1253 2554 ΜαΡ
1385 2513 1408 2551 7
1444 2509 1603 2560 σώζειν
1629 2509 1719 2551 Μα
1745 2511 1750 2563 Ι
1778 2507 1866 2564 γὰρ

180 2628 254 2657 om
283 2615 370 2658 Ma
408 2616 414 2670 Ι
458 2586 661 2662 offra-§P
779 2618 803 2656 9
839 2613 898 2669 μὴ
931 2612 982 2658 δὲ
1009 2613 1145 2657 ΜαΡ
1263 2617 1316 2656 10
1353 2610 1662 2667 κρείττωνΜα
1705 2613 1710 2667 Ι
1755 2609 1866 2654 ἄνευ

179 2673 302 2715 inser
329 2671 439 2717 Ma²
466 2676 471 2728 Ι
500 2671 587 2727 γάρ
621 2673 714 2716 ἐστι
747 2672 910 2728 scripsi
935 2686 959 2715 e
986 2673 1075 2716 Ma
1135 2671 1222 2727 γὰρ
1248 2673 1293 2716 Ρ
1413 2675 1464 2714 11
1495 2670 1574 2714 καὶ
1606 2670 1731 2712 inser
1756 2669 1868 2713 Ma³

184 2746 187 2789 Ι
223 2738 304 2775 τοῦ
325 2733 412 2775 Μα
430 2731 511 2775 sed
535 2731 584 2774 in
607 2731 774 2774 τούτου
800 2745 901 2775 corr
916 2730 986 2774 m²
1107 2735 1160 2774 17
1181 2733 1228 2774 et
1247 2735 1300 2773 19
1326 2728 1441 2774 καθ’
1475 2729 1618 2773 αὑτὸν
1644 2728 1808 2783 scripsi

179 2788 279 2834 κατ’
312 2790 454 2834 αὐτὸν
475 2791 611 2835 ΜαΡ
632 2789 687 2833 cf.
706 2805 750 2846 p.
772 2795 930 2844 134‚2;
955 2794 1089 2844 148‚9
1119 2791 1125 2846 Ι
1154 2790 1372 2845 ἀσφαλῶς
1390 2789 1478 2832 Ma
1600 2792 1653 2832 18
1680 2789 1866 2842 ἐπιμελῆ

182 2910 270 2953 Μα
398 2912 454 2952 20
487 2908 529 2952 εἰ
559 2907 609 2950 in
639 2921 715 2951 ras
742 2907 853 2952 Ma²
880 2911 885 2965 Ι
914 2866 1163 2965 δἝὲγωγοῖς
1187 2909 1232 2951 Ρ
1349 2911 1402 2951 21
1438 2903 1658 2964 ἐχρήσατο
1684 2906 1730 2949 P
