2010 3168
538 123 1001 168 ATHENIENSIUM
1031 124 1331 169 DEFENSIO
1712 127 1779 179 51

207 266 281 313 Ex
318 266 411 313 hoc
441 265 849 313 declamationem
874 280 1003 313 anno
1032 266 1173 314 1870
1199 266 1436 328 descripsi
1460 266 1783 328 descriptam-

96 356 189 401 que
235 354 347 388 cum
383 337 614 387 Leidensi
659 340 861 401 cont-uli,
902 357 926 386 e
968 355 1063 401 quo
1102 340 1303 388 interim
1344 356 1372 387 a
1411 341 1475 388 M.
1511 340 1783 388 Schmidtio

87 407 190 480 (=
217 406 386 479 Schm)
418 413 661 461 indicibns
691 413 961 461 lectionum
991 413 1140 462 Ienae
1176 414 1316 462 1875
1343 432 1389 476 p.
1418 415 1448 462 5
1468 430 1538 476 sq.
1565 418 1615 462 et
1643 416 1782 462 1876

93 504 139 550 p.
168 489 198 535 3
218 503 289 550 sq.
322 487 457 534 edita
496 490 604 535 erat
641 489 715 535 ita
753 490 922 536 tamen
959 490 1016 535 ut
1054 488 1213 536 multa
1252 489 1399 537 modo
1439 490 1787 537 omitterentur

94 561 239 610 modo
273 577 534 624 perperam
570 561 914 623 redderentur,
954 577 1081 624 quae
1122 564 1217 611 etsi
1254 578 1488 626 magnam
1526 566 1721 625 partem
1761 579 1786 610 e

93 635 425 684 Maximiliani
448 636 578 683 Treu
602 636 889 698 apographo
920 638 1021 684 iam
1055 637 1116 685 ab
1142 635 1323 698 Ottone
1346 637 1512 685 Miller
1536 632 1787 703 (Gregorii

95 708 264 772 Cyprii
312 709 606 758 declamatio
653 710 843 758 inedita
892 708 1072 759 Olsnae
1117 712 1259 760 1890
1298 728 1345 772 p.
1375 714 1401 758 1
1424 705 1519 776 sq.)
1568 715 1787 760 correcta

95 785 225 844 3111113,
247 783 416 831 tamen
441 785 520 832 vel
553 785 622 832 sic
647 786 769 833 satis
793 785 955 832 multa
977 785 1100 832 mihi
1126 785 1432 834 emendanda
1455 785 1630 834 relicta
1654 788 1786 849 sunt,

94 857 383 921 praesertim
418 874 525 906 cum
567 858 702 906 haud
742 858 907 907 desint
943 859 1039 907 loci
1079 860 1256 922 quibus
1296 876 1396 907 non
1427 859 1475 907 L
1505 860 1558 907 in
1589 861 1786 907 univer-

94 947 202 980 sum
237 932 434 994 quidem
475 932 559 980 ille
598 933 775 1018 melior
813 933 984 995 codex,
1017 934 1102 982 sed
1151 934 1197 982 V
1224 935 1491 997 genuinam
1523 935 1787 981 lectionem

93 1007 377 1055 servaverit.

195 1080 326 1129 Tres
356 1081 490 1130 locos
524 1074 593 1148 (p.
623 1082 710 1143 65,
727 1084 756 1129 2
785 1084 834 1129 et
862 1084 951 1143 133
987 1084 1071 1142 66,
1091 1077 1183 1149 26)
1216 1083 1533 1130 Maximum
1565 1082 1786 1130 Planu-

94 1154 220 1202 dem
250 1154 381 1204 inter
410 1154 712 1204 Libanianos
746 1156 972 1205 attulisse
1005 1172 1154 1218 supra
1177 1174 1223 1219 p.
1253 1158 1282 1205 5
1317 1157 1711 1206 commemoravi.
