<?xml version="1.0" encoding="UTF-8"?>
<!DOCTYPE html PUBLIC "-//W3C//DTD XHTML 1.0 Transitional//EN"
    "http://www.w3.org/TR/xhtml1/DTD/xhtml1-transitional.dtd">
<html xmlns="http://www.w3.org/1999/xhtml" xml:lang="en" lang="en">
 <head>
  <title>
</title>
<meta http-equiv="Content-Type" content="text/html;charset=utf-8" />
  <meta name='ocr-system' content='tesseract 3.04.00' />
  <meta name='ocr-capabilities' content='ocr_page ocr_carea ocr_par ocr_line ocrx_word'/>
</head>
<body>
  <div class='ocr_page' id='page_1' title='image "./operarecensuitri06libauoft_0251.png"; bbox 0 0 2010 3168; ppageno 0'>
   <div class='ocr_carea' id='block_1_1' title="bbox 668 95 1802 149">
    <p class='ocr_par' dir='ltr' id='par_1_1' title="bbox 668 95 1802 149">
     <span class='ocr_line' id='line_1_1' title="bbox 668 95 1802 149; baseline 0.001 -9"><span class='ocrx_word' id='word_1_1' title='bbox 668 95 994 140; x_wconf 87' lang='lat' dir='ltr'>HYPERIDIS</span> <span class='ocrx_word' id='word_1_2' title='bbox 1027 95 1252 141; x_wconf 84' lang='lat' dir='ltr'><strong>ORATIO</strong></span> <span class='ocrx_word' id='word_1_3' title='bbox 1694 96 1802 149; x_wconf 80' lang='grc'><strong>243</strong></span> 
     </span>
    </p>
   </div>
   <div class='ocr_carea' id='block_1_2' title="bbox 113 236 1803 361">
    <p class='ocr_par' dir='ltr' id='par_1_2' title="bbox 113 236 1803 361">
     <span class='ocr_line' id='line_1_2' title="bbox 222 236 1803 300; baseline -0.002 -14"><span class='ocrx_word' id='word_1_4' title='bbox 222 237 612 286; x_wconf 78' lang='lat' dir='ltr'><strong>Necessitudinis</strong></span> <span class='ocrx_word' id='word_1_5' title='bbox 650 236 806 300; x_wconf 73' lang='lat' dir='ltr'><strong>igitur</strong></span> <span class='ocrx_word' id='word_1_6' title='bbox 842 236 1097 285; x_wconf 84' lang='lat' dir='ltr'><strong>vinculum</strong></span> <span class='ocrx_word' id='word_1_7' title='bbox 1130 252 1226 298; x_wconf 90' lang='lat' dir='ltr'><strong>quo</strong></span> <span class='ocrx_word' id='word_1_8' title='bbox 1266 237 1319 284; x_wconf 89' lang='lat' dir='ltr'><strong>hi</strong></span> <span class='ocrx_word' id='word_1_9' title='bbox 1357 236 1547 285; x_wconf 82' lang='lat' dir='ltr'><strong>codices</strong></span> <span class='ocrx_word' id='word_1_10' title='bbox 1586 238 1717 284; x_wconf 77' lang='lat' dir='ltr'><strong>inter</strong></span> <span class='ocrx_word' id='word_1_11' title='bbox 1751 252 1803 286; x_wconf 85' lang='lat' dir='ltr'><strong>se</strong></span> 
     </span>
     <span class='ocr_line' id='line_1_3' title="bbox 113 310 1203 361; baseline -0.002 -1"><span class='ocrx_word' id='word_1_12' title='bbox 113 311 361 361; x_wconf 77' lang='lat' dir='ltr'><strong>coniuncti</strong></span> <span class='ocrx_word' id='word_1_13' title='bbox 392 313 507 359; x_wconf 71' lang='lat' dir='ltr'><strong>sunt</strong></span> <span class='ocrx_word' id='word_1_14' title='bbox 537 311 628 359; x_wconf 89' lang='lat' dir='ltr'><strong>hoe</strong></span> <span class='ocrx_word' id='word_1_15' title='bbox 658 310 755 359; x_wconf 71' lang='lat' dir='ltr'><strong>tibi</strong></span> <span class='ocrx_word' id='word_1_16' title='bbox 782 310 956 359; x_wconf 73' lang='lat' dir='ltr'><strong>reddet</strong></span> <span class='ocrx_word' id='word_1_17' title='bbox 993 313 1203 359; x_wconf 75' lang='lat' dir='ltr'><strong>stemma</strong></span> 
     </span>
    </p>
   </div>
   <div class='ocr_carea' id='block_1_3' title="bbox 566 491 1360 1026">
    <p class='ocr_par' dir='ltr' id='par_1_3' title="bbox 566 491 1360 1026">
     <span class='ocr_line' id='line_1_4' title="bbox 566 491 1360 1026; baseline 0 -1"><span class='ocrx_word' id='word_1_18' title='bbox 566 491 1360 1026; x_wconf 19' lang='lat' dir='ltr'><strong>fs*</strong></span> 
     </span>
    </p>
   </div>
   <div class='ocr_carea' id='block_1_4' title="bbox 522 1035 908 1080">
    <p class='ocr_par' dir='ltr' id='par_1_4' title="bbox 522 1035 908 1080">
     <span class='ocr_line' id='line_1_5' title="bbox 522 1035 908 1080; baseline 0 0"><span class='ocrx_word' id='word_1_19' title='bbox 522 1036 595 1080; x_wconf 88' lang='lat' dir='ltr'><strong>Va</strong></span> <span class='ocrx_word' id='word_1_20' title='bbox 759 1035 908 1080; x_wconf 87' lang='lat' dir='ltr'><strong>BMa</strong></span> 
     </span>
    </p>
   </div>
   <div class='ocr_carea' id='block_1_5' title="bbox 0 1153 1889 1291">
    <p class='ocr_par' dir='ltr' id='par_1_5' title="bbox 0 1153 1889 1291">
     <span class='ocr_line' id='line_1_6' title="bbox 0 1153 1889 1217; baseline 0 -16"><span class='ocrx_word' id='word_1_21' title='bbox 0 1202 4 1210; x_wconf 67' lang='grc'>,</span> <span class='ocrx_word' id='word_1_22' title='bbox 219 1153 279 1201; x_wconf 92' lang='lat' dir='ltr'><strong>In</strong></span> <span class='ocrx_word' id='word_1_23' title='bbox 309 1155 593 1202; x_wconf 86' lang='lat' dir='ltr'><strong>universum</strong></span> <span class='ocrx_word' id='word_1_24' title='bbox 626 1156 786 1203; x_wconf 80' lang='lat' dir='ltr'><strong>altera</strong></span> <span class='ocrx_word' id='word_1_25' title='bbox 815 1154 1010 1202; x_wconf 86' lang='lat' dir='ltr'><strong>familia</strong></span> <span class='ocrx_word' id='word_1_26' title='bbox 1033 1154 1127 1202; x_wconf 86' lang='lat' dir='ltr'><strong>fide</strong></span> <span class='ocrx_word' id='word_1_27' title='bbox 1160 1155 1377 1217; x_wconf 82' lang='lat' dir='ltr'><strong>priorem</strong></span> <span class='ocrx_word' id='word_1_28' title='bbox 1399 1155 1550 1217; x_wconf 89' lang='lat' dir='ltr'><strong>paulo</strong></span> <span class='ocrx_word' id='word_1_29' title='bbox 1583 1156 1800 1216; x_wconf 76' lang='lat' dir='ltr'><strong>superat.</strong></span> <span class='ocrx_word' id='word_1_30' title='bbox 1885 1187 1889 1191; x_wconf 90' lang='lat'><em>-</em></span> 
     </span>
     <span class='ocr_line' id='line_1_7' title="bbox 107 1228 1802 1291; baseline -0.001 -15.059"><span class='ocrx_word' id='word_1_31' title='bbox 107 1228 358 1290; x_wconf 83' lang='lat' dir='ltr'><strong>Imprimis</strong></span> <span class='ocrx_word' id='word_1_32' title='bbox 382 1228 492 1277; x_wconf 88' lang='lat' dir='ltr'><strong>fons</strong></span> <span class='ocrx_word' id='word_1_33' title='bbox 517 1245 542 1276; x_wconf 92' lang='lat' dir='ltr'><strong>e</strong></span> <span class='ocrx_word' id='word_1_34' title='bbox 567 1245 665 1291; x_wconf 90' lang='lat' dir='ltr'><strong>quo</strong></span> <span class='ocrx_word' id='word_1_35' title='bbox 699 1229 774 1278; x_wconf 85' lang='lat' dir='ltr'><strong>Va</strong></span> <span class='ocrx_word' id='word_1_36' title='bbox 798 1231 849 1277; x_wconf 72' lang='lat' dir='ltr'><strong>et</strong></span> <span class='ocrx_word' id='word_1_37' title='bbox 872 1229 922 1276; x_wconf 92' lang='lat' dir='ltr'><em>B</em></span> <span class='ocrx_word' id='word_1_38' title='bbox 944 1229 1195 1277; x_wconf 79' lang='lat' dir='ltr'><strong>fluxerunt</strong></span> <span class='ocrx_word' id='word_1_39' title='bbox 1217 1228 1645 1291; x_wconf 74' lang='lat' dir='ltr'><strong>interpolamentis</strong></span> <span class='ocrx_word' id='word_1_40' title='bbox 1668 1228 1802 1277; x_wconf 87' lang='lat' dir='ltr'><strong>haud</strong></span> 
     </span>
    </p>
   </div>
   <div class='ocr_carea' id='block_1_6' title="bbox 107 1300 1801 1368">
    <p class='ocr_par' dir='ltr' id='par_1_6' title="bbox 107 1300 1801 1368">
     <span class='ocr_line' id='line_1_8' title="bbox 107 1300 1801 1368; baseline 0.001 -18"><span class='ocrx_word' id='word_1_41' title='bbox 107 1303 277 1364; x_wconf 83' lang='lat' dir='ltr'><strong>privus</strong></span> <span class='ocrx_word' id='word_1_42' title='bbox 302 1302 413 1362; x_wconf 74' lang='lat' dir='ltr'><strong>fuit,</strong></span> <span class='ocrx_word' id='word_1_43' title='bbox 436 1304 495 1350; x_wconf 73' lang='lat' dir='ltr'><strong>ut</strong></span> <span class='ocrx_word' id='word_1_44' title='bbox 516 1302 785 1368; x_wconf 82' lang='grc' dir='ltr'><em>βαρβάροις</em></span> <span class='ocrx_word' id='word_1_45' title='bbox 809 1306 925 1351; x_wconf 77' lang='lat' dir='ltr'><strong>ante</strong></span> <span class='ocrx_word' id='word_1_46' title='bbox 950 1301 1243 1351; x_wconf 81' lang='grc' dir='ltr'><strong><em>Μακεδόσιν</em></strong></span> <span class='ocrx_word' id='word_1_47' title='bbox 1267 1320 1314 1366; x_wconf 85' lang='lat' dir='ltr'><strong>p.</strong></span> <span class='ocrx_word' id='word_1_48' title='bbox 1342 1305 1464 1364; x_wconf 86' lang='lat'>249,</span> <span class='ocrx_word' id='word_1_49' title='bbox 1484 1304 1567 1364; x_wconf 87' lang='grc'><strong>19,</strong></span> <span class='ocrx_word' id='word_1_50' title='bbox 1591 1300 1801 1366; x_wconf 76' lang='grc' dir='ltr'><em>ἀθηνῶν</em></span> 
     </span>
    </p>
   </div>
   <div class='ocr_carea' id='block_1_7' title="bbox 0 1362 883 1444">
    <p class='ocr_par' dir='ltr' id='par_1_7' title="bbox 0 1362 883 1444">
     <span class='ocr_line' id='line_1_9' title="bbox 0 1362 883 1444; baseline 0.001 -20"><span class='ocrx_word' id='word_1_51' title='bbox 0 1362 5 1444; x_wconf 48' lang='lat' dir='ltr'>L</span> <span class='ocrx_word' id='word_1_52' title='bbox 107 1392 197 1438; x_wconf 91' lang='lat' dir='ltr'><strong>pro</strong></span> <span class='ocrx_word' id='word_1_53' title='bbox 230 1374 552 1441; x_wconf 84' lang='grc' dir='ltr'>αὐτοχθόνων</span> <span class='ocrx_word' id='word_1_54' title='bbox 582 1394 629 1440; x_wconf 88' lang='lat' dir='ltr'><strong>p.</strong></span> <span class='ocrx_word' id='word_1_55' title='bbox 658 1378 780 1438; x_wconf 83' lang='lat'><strong>245,</strong></span> <span class='ocrx_word' id='word_1_56' title='bbox 801 1378 883 1425; x_wconf 92' lang='grc'><strong>16.</strong></span> 
     </span>
    </p>
   </div>
   <div class='ocr_carea' id='block_1_8' title="bbox 212 1450 1799 1588">
    <p class='ocr_par' dir='ltr' id='par_1_8' title="bbox 212 1450 1799 1588">
     <span class='ocr_line' id='line_1_10' title="bbox 212 1450 975 1513; baseline 0.001 -15"><span class='ocrx_word' id='word_1_57' title='bbox 212 1450 518 1498; x_wconf 75' lang='lat' dir='ltr'><strong>Testimonia</strong></span> <span class='ocrx_word' id='word_1_58' title='bbox 549 1450 695 1513; x_wconf 90' lang='lat' dir='ltr'><strong>plane</strong></span> <span class='ocrx_word' id='word_1_59' title='bbox 727 1451 975 1499; x_wconf 65' lang='lat' dir='ltr'><strong>deficiunfi.</strong></span> 
     </span>
     <span class='ocr_line' id='line_1_11' title="bbox 218 1524 1799 1588; baseline 0.001 -17"><span class='ocrx_word' id='word_1_60' title='bbox 218 1524 528 1573; x_wconf 75' lang='lat' dir='ltr'>Declamatio</span> <span class='ocrx_word' id='word_1_61' title='bbox 574 1526 628 1573; x_wconf 87' lang='lat' dir='ltr'><strong>in</strong></span> <span class='ocrx_word' id='word_1_62' title='bbox 673 1526 835 1574; x_wconf 87' lang='lat' dir='ltr'><strong>lucem</strong></span> <span class='ocrx_word' id='word_1_63' title='bbox 880 1527 1136 1588; x_wconf 71' lang='lat' dir='ltr'><strong>protracta</strong></span> <span class='ocrx_word' id='word_1_64' title='bbox 1182 1527 1257 1574; x_wconf 75' lang='lat' dir='ltr'><strong>esb</strong></span> <span class='ocrx_word' id='word_1_65' title='bbox 1304 1541 1334 1573; x_wconf 91' lang='lat' dir='ltr'><strong>a</strong></span> <span class='ocrx_word' id='word_1_66' title='bbox 1377 1524 1509 1573; x_wconf 85' lang='lat' dir='ltr'><strong>Fed.</strong></span> <span class='ocrx_word' id='word_1_67' title='bbox 1548 1525 1799 1573; x_wconf 87' lang='lat' dir='ltr'><strong>Morello</strong></span> 
     </span>
    </p>
   </div>
   <div class='ocr_carea' id='block_1_9' title="bbox 108 1593 1800 1666">
    <p class='ocr_par' dir='ltr' id='par_1_9' title="bbox 108 1593 1800 1666">
     <span class='ocr_line' id='line_1_12' title="bbox 108 1593 1800 1666; baseline 0.001 -20"><span class='ocrx_word' id='word_1_68' title='bbox 108 1598 280 1647; x_wconf 84' lang='lat' dir='ltr'><strong>Liban.</strong></span> <span class='ocrx_word' id='word_1_69' title='bbox 321 1615 431 1661; x_wconf 92' lang='lat' dir='ltr'><strong>opp.</strong></span> <span class='ocrx_word' id='word_1_70' title='bbox 464 1601 499 1647; x_wconf 72' lang='lat' dir='ltr'><strong>t.</strong></span> <span class='ocrx_word' id='word_1_71' title='bbox 523 1599 550 1647; x_wconf 87' lang='lat'>1</span> <span class='ocrx_word' id='word_1_72' title='bbox 594 1616 642 1662; x_wconf 91' lang='lat' dir='ltr'><strong>p.</strong></span> <span class='ocrx_word' id='word_1_73' title='bbox 675 1601 967 1648; x_wconf 88' lang='grc'>468-478</span> <span class='ocrx_word' id='word_1_74' title='bbox 1010 1593 1104 1666; x_wconf 86' lang='lat'><strong>(=</strong></span> <span class='ocrx_word' id='word_1_75' title='bbox 1128 1593 1262 1666; x_wconf 90' lang='lat' dir='ltr'><strong>Mor)</strong></span> <span class='ocrx_word' id='word_1_76' title='bbox 1310 1616 1335 1647; x_wconf 87' lang='lat' dir='ltr'><strong>e</strong></span> <span class='ocrx_word' id='word_1_77' title='bbox 1382 1599 1547 1647; x_wconf 84' lang='lat' dir='ltr'><strong>codiee</strong></span> <span class='ocrx_word' id='word_1_78' title='bbox 1594 1599 1800 1648; x_wconf 76' lang='lat' dir='ltr'><strong>alterius</strong></span> 
     </span>
    </p>
   </div>
   <div class='ocr_carea' id='block_1_10' title="bbox 107 1673 1800 1737">
    <p class='ocr_par' dir='ltr' id='par_1_10' title="bbox 0 1647 1800 1742">
     <span class='ocr_line' id='line_1_13' title="bbox 107 1673 1800 1737; baseline 0.001 -17.941"><span class='ocrx_word' id='word_1_79' title='bbox 107 1673 329 1721; x_wconf 86' lang='lat' dir='ltr'><strong>familiae</strong></span> <span class='ocrx_word' id='word_1_80' title='bbox 366 1675 580 1721; x_wconf 82' lang='lat' dir='ltr'><strong>maxime</strong></span> <span class='ocrx_word' id='word_1_81' title='bbox 613 1689 725 1722; x_wconf 85' lang='lat' dir='ltr'><strong>eum</strong></span> <span class='ocrx_word' id='word_1_82' title='bbox 754 1674 837 1722; x_wconf 86' lang='lat' dir='ltr'><strong>La</strong></span> <span class='ocrx_word' id='word_1_83' title='bbox 869 1676 1081 1737; x_wconf 77' lang='lat' dir='ltr'><strong>cognato</strong></span> <span class='ocrx_word' id='word_1_84' title='bbox 1114 1690 1262 1736; x_wconf 88' lang='lat' dir='ltr'><strong>quem</strong></span> <span class='ocrx_word' id='word_1_85' title='bbox 1296 1673 1638 1737; x_wconf 87' lang='lat' dir='ltr'><strong>apographum</strong></span> <span class='ocrx_word' id='word_1_86' title='bbox 1671 1673 1800 1722; x_wconf 70' lang='lat' dir='ltr'><strong>eodi-</strong></span> 
     </span>
    </p>
   </div>
   <div class='ocr_carea' id='block_1_11' title="bbox 109 1741 1799 1884">
    <p class='ocr_par' dir='ltr' id='par_1_11' title="bbox 109 1741 1799 1884">
     <span class='ocr_line' id='line_1_14' title="bbox 109 1741 1057 1814; baseline 0.001 -19"><span class='ocrx_word' id='word_1_87' title='bbox 109 1748 177 1796; x_wconf 84' lang='lat' dir='ltr'><strong>eis</strong></span> <span class='ocrx_word' id='word_1_88' title='bbox 209 1747 443 1795; x_wconf 73' lang='lat' dir='ltr'><strong>Vaticani</strong></span> <span class='ocrx_word' id='word_1_89' title='bbox 477 1749 580 1796; x_wconf 85' lang='lat'><strong>937</strong></span> <span class='ocrx_word' id='word_1_90' title='bbox 615 1748 766 1797; x_wconf 89' lang='lat' dir='ltr'><strong>fuisse</strong></span> <span class='ocrx_word' id='word_1_91' title='bbox 799 1748 1000 1796; x_wconf 82' lang='lat' dir='ltr'><strong>conicio.</strong></span> <span class='ocrx_word' id='word_1_92' title='bbox 1015 1741 1057 1814; x_wconf 78' lang='lat'><strong>²)</strong></span> 
     </span>
     <span class='ocr_line' id='line_1_15' title="bbox 218 1820 1799 1884; baseline 0 -16"><span class='ocrx_word' id='word_1_93' title='bbox 218 1821 508 1870; x_wconf 87' lang='lat' dir='ltr'><strong>Mendorum</strong></span> <span class='ocrx_word' id='word_1_94' title='bbox 542 1822 720 1884; x_wconf 87' lang='lat' dir='ltr'><strong>quibus</strong></span> <span class='ocrx_word' id='word_1_95' title='bbox 751 1822 872 1870; x_wconf 88' lang='lat' dir='ltr'><strong>haee</strong></span> <span class='ocrx_word' id='word_1_96' title='bbox 904 1822 1055 1870; x_wconf 77' lang='lat' dir='ltr'><strong>editio</strong></span> <span class='ocrx_word' id='word_1_97' title='bbox 1088 1823 1246 1870; x_wconf 75' lang='lat' dir='ltr'><strong>scatet</strong></span> <span class='ocrx_word' id='word_1_98' title='bbox 1275 1820 1408 1869; x_wconf 88' lang='lat' dir='ltr'><strong>haud</strong></span> <span class='ocrx_word' id='word_1_99' title='bbox 1450 1837 1657 1884; x_wconf 81' lang='lat' dir='ltr'><strong>parvam</strong></span> <span class='ocrx_word' id='word_1_100' title='bbox 1688 1838 1799 1884; x_wconf 85' lang='lat' dir='ltr'><strong>par-</strong></span> 
     </span>
    </p>
   </div>
   <div class='ocr_carea' id='block_1_12' title="bbox 0 1892 1800 1958">
    <p class='ocr_par' dir='ltr' id='par_1_12' title="bbox 0 1892 1800 1958">
     <span class='ocr_line' id='line_1_16' title="bbox 0 1892 1800 1958; baseline 0 -15"><span class='ocrx_word' id='word_1_101' title='bbox 0 1892 5 1933; x_wconf 67' lang='grc' dir='ltr'>ὲ</span> <span class='ocrx_word' id='word_1_102' title='bbox 107 1897 207 1943; x_wconf 73' lang='lat' dir='ltr'><strong>tem</strong></span> <span class='ocrx_word' id='word_1_103' title='bbox 239 1911 351 1943; x_wconf 85' lang='lat' dir='ltr'><strong>eum</strong></span> <span class='ocrx_word' id='word_1_104' title='bbox 382 1911 474 1958; x_wconf 89' lang='lat' dir='ltr'><strong>ope</strong></span> <span class='ocrx_word' id='word_1_105' title='bbox 507 1896 689 1944; x_wconf 80' lang='lat' dir='ltr'><strong>codicis</strong></span> <span class='ocrx_word' id='word_1_106' title='bbox 714 1896 946 1945; x_wconf 83' lang='lat' dir='ltr'><strong>Bavariei</strong></span> <span class='ocrx_word' id='word_1_107' title='bbox 970 1896 1171 1944; x_wconf 83' lang='lat' dir='ltr'><strong>secundi</strong></span> <span class='ocrx_word' id='word_1_108' title='bbox 1199 1896 1252 1943; x_wconf 88' lang='lat' dir='ltr'><strong>id</strong></span> <span class='ocrx_word' id='word_1_109' title='bbox 1285 1898 1360 1943; x_wconf 77' lang='lat' dir='ltr'><strong>est</strong></span> <span class='ocrx_word' id='word_1_110' title='bbox 1382 1895 1690 1944; x_wconf 83' lang='lat' dir='ltr'>Monacensis</span> <span class='ocrx_word' id='word_1_111' title='bbox 1716 1897 1800 1956; x_wconf 83' lang='lat'><strong>96,</strong></span> 
     </span>
    </p>
   </div>
   <div class='ocr_carea' id='block_1_13' title="bbox 109 1969 1799 2110">
    <p class='ocr_par' dir='ltr' id='par_1_13' title="bbox 109 1969 1799 2110">
     <span class='ocr_line' id='line_1_17' title="bbox 109 1969 1799 2031; baseline 0.001 -15"><span class='ocrx_word' id='word_1_112' title='bbox 109 1971 194 2031; x_wconf 88' lang='lat' dir='ltr'><strong>qui</strong></span> <span class='ocrx_word' id='word_1_113' title='bbox 227 1969 448 2031; x_wconf 85' lang='lat' dir='ltr'><strong>proxime</strong></span> <span class='ocrx_word' id='word_1_114' title='bbox 489 1986 518 2017; x_wconf 92' lang='lat' dir='ltr'><strong>a</strong></span> <span class='ocrx_word' id='word_1_115' title='bbox 549 1970 632 2019; x_wconf 88' lang='lat' dir='ltr'><strong>La</strong></span> <span class='ocrx_word' id='word_1_116' title='bbox 663 1972 787 2031; x_wconf 74' lang='lat' dir='ltr'><strong>stat,</strong></span> <span class='ocrx_word' id='word_1_117' title='bbox 825 1973 934 2018; x_wconf 78' lang='lat' dir='ltr'><strong>tum</strong></span> <span class='ocrx_word' id='word_1_118' title='bbox 972 1970 1241 2018; x_wconf 85' lang='lat' dir='ltr'><strong>divinando</strong></span> <span class='ocrx_word' id='word_1_119' title='bbox 1281 1970 1487 2018; x_wconf 73' lang='lat' dir='ltr'><strong>sustulit</strong></span> <span class='ocrx_word' id='word_1_120' title='bbox 1518 1970 1799 2018; x_wconf 86' lang='lat' dir='ltr'><strong>Reiskius</strong></span> 
     </span>
     <span class='ocr_line' id='line_1_18' title="bbox 110 2037 1797 2110; baseline 0 -19"><span class='ocrx_word' id='word_1_121' title='bbox 110 2039 205 2109; x_wconf 79' lang='lat'><strong>(=</strong></span> <span class='ocrx_word' id='word_1_122' title='bbox 232 2037 342 2110; x_wconf 78' lang='lat' dir='ltr'><strong>Re),</strong></span> <span class='ocrx_word' id='word_1_123' title='bbox 375 2044 458 2092; x_wconf 88' lang='lat' dir='ltr'><strong>sed</strong></span> <span class='ocrx_word' id='word_1_124' title='bbox 489 2060 613 2092; x_wconf 85' lang='lat' dir='ltr'><strong>uxor</strong></span> <span class='ocrx_word' id='word_1_125' title='bbox 649 2060 775 2106; x_wconf 85' lang='lat' dir='ltr'><strong>quae</strong></span> <span class='ocrx_word' id='word_1_126' title='bbox 814 2044 1080 2093; x_wconf 70' lang='lat' dir='ltr'><strong>editionem</strong></span> <span class='ocrx_word' id='word_1_127' title='bbox 1120 2044 1240 2092; x_wconf 74' lang='lat' dir='ltr'><strong>feeit</strong></span> <span class='ocrx_word' id='word_1_128' title='bbox 1269 2047 1304 2093; x_wconf 76' lang='lat' dir='ltr'><strong>t.</strong></span> <span class='ocrx_word' id='word_1_129' title='bbox 1330 2043 1402 2091; x_wconf 91' lang='lat' dir='ltr'><strong>IV</strong></span> <span class='ocrx_word' id='word_1_130' title='bbox 1432 2061 1479 2106; x_wconf 91' lang='lat' dir='ltr'><strong>p.</strong></span> <span class='ocrx_word' id='word_1_131' title='bbox 1508 2044 1797 2092; x_wconf 84' lang='lat'><strong>323—335</strong></span> 
     </span>
    </p>
   </div>
   <div class='ocr_carea' id='block_1_14' title="bbox 106 2111 1800 2183">
    <p class='ocr_par' dir='ltr' id='par_1_14' title="bbox 0 2103 1800 2191">
     <span class='ocr_line' id='line_1_19' title="bbox 106 2111 1800 2183; baseline 0.001 -18.941"><span class='ocrx_word' id='word_1_132' title='bbox 106 2119 298 2165; x_wconf 78' lang='lat' dir='ltr'><strong>textum</strong></span> <span class='ocrx_word' id='word_1_133' title='bbox 321 2118 671 2166; x_wconf 89' lang='lat' dir='ltr'><strong>Morellianum</strong></span> <span class='ocrx_word' id='word_1_134' title='bbox 694 2118 774 2167; x_wconf 81' lang='lat' dir='ltr'><strong>vel</strong></span> <span class='ocrx_word' id='word_1_135' title='bbox 798 2133 907 2167; x_wconf 85' lang='lat' dir='ltr'><strong>eum</strong></span> <span class='ocrx_word' id='word_1_136' title='bbox 931 2118 1235 2181; x_wconf 76' lang='lat' dir='ltr'><strong>typographi</strong></span> <span class='ocrx_word' id='word_1_137' title='bbox 1259 2118 1395 2166; x_wconf 74' lang='lat' dir='ltr'><strong>vitiis</strong></span> <span class='ocrx_word' id='word_1_138' title='bbox 1428 2111 1509 2183; x_wconf 75' lang='lat' dir='ltr'><strong>(ut</strong></span> <span class='ocrx_word' id='word_1_139' title='bbox 1531 2116 1800 2183; x_wconf 80' lang='grc' dir='ltr'>καθορθώ-</span> 
     </span>
    </p>
   </div>
   <div class='ocr_carea' id='block_1_15' title="bbox 0 2186 1800 2554">
    <p class='ocr_par' dir='ltr' id='par_1_15' title="bbox 108 2186 1800 2327">
     <span class='ocr_line' id='line_1_20' title="bbox 109 2186 1800 2259; baseline 0.001 -21"><span class='ocrx_word' id='word_1_140' title='bbox 109 2204 256 2254; x_wconf 85' lang='grc' dir='ltr'><strong><em>μασιν</em></strong></span> <span class='ocrx_word' id='word_1_141' title='bbox 292 2208 340 2253; x_wconf 91' lang='lat' dir='ltr'><strong>p.</strong></span> <span class='ocrx_word' id='word_1_142' title='bbox 372 2193 400 2239; x_wconf 84' lang='lat'><strong>2</strong></span> <span class='ocrx_word' id='word_1_143' title='bbox 409 2193 438 2239; x_wconf 87' lang='lat'>5</span> <span class='ocrx_word' id='word_1_144' title='bbox 446 2194 475 2240; x_wconf 85' lang='lat'><strong>2</strong></span> <span class='ocrx_word' id='word_1_145' title='bbox 488 2194 515 2254; x_wconf 87' lang='lat'><strong>‚&#39;</strong></span> <span class='ocrx_word' id='word_1_146' title='bbox 524 2195 548 2239; x_wconf 89' lang='lat'>1</span> <span class='ocrx_word' id='word_1_147' title='bbox 560 2186 614 2259; x_wconf 86' lang='lat'><strong>7)</strong></span> <span class='ocrx_word' id='word_1_148' title='bbox 662 2192 764 2240; x_wconf 87' lang='lat' dir='ltr'><strong>fere</strong></span> <span class='ocrx_word' id='word_1_149' title='bbox 811 2207 1005 2241; x_wconf 87' lang='lat' dir='ltr'><strong>servare</strong></span> <span class='ocrx_word' id='word_1_150' title='bbox 1038 2207 1188 2254; x_wconf 83' lang='lat' dir='ltr'><strong>quam</strong></span> <span class='ocrx_word' id='word_1_151' title='bbox 1227 2191 1593 2240; x_wconf 73' lang='lat' dir='ltr'><strong>emendationes</strong></span> <span class='ocrx_word' id='word_1_152' title='bbox 1640 2194 1800 2240; x_wconf 78' lang='lat' dir='ltr'><strong>certas</strong></span> 
     </span>
     <span class='ocr_line' id='line_1_21' title="bbox 108 2266 765 2327; baseline 0.005 -15"><span class='ocrx_word' id='word_1_153' title='bbox 108 2267 278 2313; x_wconf 74' lang='lat' dir='ltr'><strong>mariti</strong></span> <span class='ocrx_word' id='word_1_154' title='bbox 306 2281 540 2327; x_wconf 87' lang='lat' dir='ltr'><strong>reponere</strong></span> <span class='ocrx_word' id='word_1_155' title='bbox 571 2266 765 2316; x_wconf 74' lang='lat' dir='ltr'><strong>maluit.</strong></span> 
     </span>
    </p>

    <p class='ocr_par' dir='ltr' id='par_1_16' title="bbox 0 2339 1799 2554">
     <span class='ocr_line' id='line_1_22' title="bbox 210 2339 1799 2404; baseline 0.001 -18"><span class='ocrx_word' id='word_1_156' title='bbox 210 2339 377 2387; x_wconf 85' lang='lat' dir='ltr'><strong>Pauca</strong></span> <span class='ocrx_word' id='word_1_157' title='bbox 409 2339 471 2387; x_wconf 87' lang='lat' dir='ltr'><strong>ad</strong></span> <span class='ocrx_word' id='word_1_158' title='bbox 501 2342 692 2387; x_wconf 75' lang='lat' dir='ltr'><strong>textum</strong></span> <span class='ocrx_word' id='word_1_159' title='bbox 730 2340 1074 2404; x_wconf 80' lang='lat' dir='ltr'><strong>corrigendum</strong></span> <span class='ocrx_word' id='word_1_160' title='bbox 1113 2341 1429 2388; x_wconf 72' lang='lat' dir='ltr'><strong>contulerunt</strong></span> <span class='ocrx_word' id='word_1_161' title='bbox 1471 2339 1511 2387; x_wconf 79' lang='lat' dir='ltr'><strong>F</strong></span> <span class='ocrx_word' id='word_1_162' title='bbox 1520 2356 1558 2387; x_wconf 89' lang='lat' dir='ltr'><strong>r.</strong></span> <span class='ocrx_word' id='word_1_163' title='bbox 1591 2339 1615 2386; x_wconf 94' lang='lat' dir='ltr'>I</span> <span class='ocrx_word' id='word_1_164' title='bbox 1626 2355 1655 2387; x_wconf 88' lang='lat' dir='ltr'><strong>a</strong></span> <span class='ocrx_word' id='word_1_165' title='bbox 1665 2355 1691 2388; x_wconf 87' lang='lat' dir='ltr'><strong>e</strong></span> <span class='ocrx_word' id='word_1_166' title='bbox 1700 2355 1727 2387; x_wconf 94' lang='lat' dir='ltr'><strong>o</strong></span> <span class='ocrx_word' id='word_1_167' title='bbox 1737 2339 1768 2387; x_wconf 94' lang='lat' dir='ltr'>b</span> <span class='ocrx_word' id='word_1_168' title='bbox 1781 2365 1799 2372; x_wconf 96' lang='lat'><em>-</em></span> 
     </span>
     <span class='ocr_line' id='line_1_23' title="bbox 0 2407 1799 2481; baseline 0.003 -25"><span class='ocrx_word' id='word_1_169' title='bbox 0 2423 5 2456; x_wconf 73' lang='lat' dir='ltr'><strong>‚z</strong></span> <span class='ocrx_word' id='word_1_170' title='bbox 109 2413 231 2461; x_wconf 86' lang='lat' dir='ltr'><strong>sius</strong></span> <span class='ocrx_word' id='word_1_171' title='bbox 263 2413 316 2460; x_wconf 90' lang='lat' dir='ltr'><strong>in</strong></span> <span class='ocrx_word' id='word_1_172' title='bbox 348 2408 774 2481; x_wconf 75' lang='lat' dir='ltr'><strong>‘Lectionibus&#39;‚2)</strong></span> <span class='ocrx_word' id='word_1_173' title='bbox 804 2414 1116 2475; x_wconf 84' lang='lat' dir='ltr'><strong>Weiskius,</strong></span> <span class='ocrx_word' id='word_1_174' title='bbox 1142 2407 1489 2480; x_wconf 74' lang='lat' dir='ltr'><strong>Sintenis‚3)</strong></span> <span class='ocrx_word' id='word_1_175' title='bbox 1516 2412 1774 2462; x_wconf 74' lang='lat' dir='ltr'><strong>Cobetus</strong></span> <span class='ocrx_word' id='word_1_176' title='bbox 1787 2450 1799 2474; x_wconf 90' lang='lat'>,</span> 
     </span>
     <span class='ocr_line' id='line_1_24' title="bbox 0 2481 643 2554; baseline 0 -20"><span class='ocrx_word' id='word_1_177' title='bbox 0 2490 10 2548; x_wconf 60' lang='lat' dir='ltr'><strong>f</strong></span> <span class='ocrx_word' id='word_1_178' title='bbox 107 2487 254 2548; x_wconf 87' lang='lat' dir='ltr'><strong>plura</strong></span> <span class='ocrx_word' id='word_1_179' title='bbox 284 2487 344 2535; x_wconf 89' lang='lat' dir='ltr'><strong>A.</strong></span> <span class='ocrx_word' id='word_1_180' title='bbox 379 2481 643 2554; x_wconf 76' lang='lat' dir='ltr'><strong>Gasda4).</strong></span> 
     </span>
    </p>
   </div>
   <div class='ocr_carea' id='block_1_16' title="bbox 109 2588 464 2595">
    <p class='ocr_par' dir='ltr' id='par_1_17' title="bbox 109 2588 464 2595">
     <span class='ocr_line' id='line_1_25' title="bbox 109 2588 464 2595; baseline 0 573"><span class='ocrx_word' id='word_1_181' title='bbox 109 2588 464 2595; x_wconf 95' lang='lat' dir='ltr'><strong> </strong></span> 
     </span>
    </p>
   </div>
   <div class='ocr_carea' id='block_1_17' title="bbox 227 2641 704 2877">
    <p class='ocr_par' dir='ltr' id='par_1_18' title="bbox 227 2641 704 2877">
     <span class='ocr_line' id='line_1_26' title="bbox 228 2641 686 2746; baseline 0.002 -3"><span class='ocrx_word' id='word_1_182' title='bbox 228 2644 271 2743; x_wconf 62' lang='grc' dir='ltr'><strong>ἒ)</strong></span> <span class='ocrx_word' id='word_1_183' title='bbox 303 2641 370 2746; x_wconf 54' lang='grc' dir='ltr'><strong>ἓξ·</strong></span> <span class='ocrx_word' id='word_1_184' title='bbox 403 2658 544 2746; x_wconf 55' lang='lat' dir='ltr'><strong>{uim</strong></span> <span class='ocrx_word' id='word_1_185' title='bbox 573 2647 686 2744; x_wconf 60' lang='lat'><strong>13&#39;76‘</strong></span> 
     </span>
     <span class='ocr_line' id='line_1_27' title="bbox 228 2704 656 2818; baseline 0.002 -15"><span class='ocrx_word' id='word_1_186' title='bbox 228 2704 272 2815; x_wconf 51' lang='grc' dir='ltr'><strong>εξ</strong></span> <span class='ocrx_word' id='word_1_187' title='bbox 304 2737 371 2804; x_wconf 66' lang='lat' dir='ltr'><strong>efss</strong></span> <span class='ocrx_word' id='word_1_188' title='bbox 404 2738 437 2805; x_wconf 56' lang='lat' dir='ltr'><strong>t:</strong></span> <span class='ocrx_word' id='word_1_189' title='bbox 462 2761 484 2804; x_wconf 93' lang='lat'>1</span> <span class='ocrx_word' id='word_1_190' title='bbox 514 2717 559 2818; x_wconf 62' lang='lat'><strong>{1</strong></span> <span class='ocrx_word' id='word_1_191' title='bbox 587 2737 656 2804; x_wconf 74' lang='lat'><strong>78]</strong></span> 
     </span>
     <span class='ocr_line' id='line_1_28' title="bbox 227 2818 704 2877; baseline 0 -15"><span class='ocrx_word' id='word_1_192' title='bbox 227 2822 271 2876; x_wconf 87' lang='lat'><strong>4)</strong></span> <span class='ocrx_word' id='word_1_193' title='bbox 304 2818 369 2864; x_wconf 85' lang='lat' dir='ltr'><strong>Cf.</strong></span> <span class='ocrx_word' id='word_1_194' title='bbox 403 2822 435 2864; x_wconf 63' lang='grc' dir='ltr'><strong>ὓ.</strong></span> <span class='ocrx_word' id='word_1_195' title='bbox 462 2820 504 2864; x_wconf 92' lang='lat' dir='ltr'><strong>V</strong></span> <span class='ocrx_word' id='word_1_196' title='bbox 534 2835 579 2877; x_wconf 88' lang='lat' dir='ltr'><strong>p.</strong></span> <span class='ocrx_word' id='word_1_197' title='bbox 607 2824 704 2863; x_wconf 87' lang='grc'><strong>198.</strong></span> 
     </span>
    </p>
   </div>
   <div class='ocr_carea' id='block_1_18' title="bbox 1352 2981 1440 3025">
    <p class='ocr_par' dir='ltr' id='par_1_19' title="bbox 1352 2981 1440 3025">
     <span class='ocr_line' id='line_1_29' title="bbox 1352 2981 1440 3025; baseline 0 0"><span class='ocrx_word' id='word_1_198' title='bbox 1352 2981 1440 3025; x_wconf 77' lang='grc'><strong>16*</strong></span> 
     </span>
    </p>
   </div>
  </div>
 </body>
</html>
