2010 3168
219 102 325 155 358
686 103 912 147 LIBANII
945 103 1337 150 DECLAMATIO
1369 106 1498 150 XXII

332 238 414 291 17.
463 240 528 291 Τί
566 239 633 307 δὴ
673 240 733 291 τὸ
772 247 867 307 τῆς
906 243 1206 309 μεταβολῆς
1244 247 1424 294 αἴτιον
1469 243 1562 295 καὶ
1611 251 1710 296 τοῦ
1749 245 1913 313 χάριν

218 326 284 380 ὃν
323 326 554 380 ἔσπευσε
593 330 786 396 λαβεῖν
825 331 965 397 ἔχων
1005 328 1205 398 ἀφῆκε,
1244 333 1305 383 τὸ
1345 327 1447 399 μὲν
1486 330 1708 401 ἀκριβὲς
1747 333 1911 395 αὐτὸς

215 415 285 469 ἂν
323 417 491 484 εἰδείη
531 415 623 469 καὶ
662 417 799 486 πρὸς
846 419 1017 470 ἄλλον
1063 417 1134 471 ἂν
1180 425 1347 486 εἴποι,
1394 420 1799 492 τεκμαιρομένῳ
1848 418 1910 474 δὲ

213 506 415 573 πολλά,
463 502 504 557 ὦ
543 510 853 574 Ἀθηναῖοι,
901 509 1117 574 φανείη.
1179 506 1270 559 καὶ
1324 509 1428 577 γὰρ
1484 509 1557 571 ὡς
1603 508 1911 578 ἀπέχρησεν

135 614 187 646 <5
214 593 360 665 αὐτῷ
394 593 657 662 γενέσθαι
698 597 870 666 κυρίῳ
910 593 1002 647 καὶ
1043 596 1117 657 ὡς
1153 596 1364 665 ἡττήθη
1404 606 1518 649 τῶν
1556 598 1786 651 δικαίων
1818 599 1909 651 καὶ

213 683 286 746 ὡς
322 682 519 751 ἠλέησε
558 685 659 752 τὴν
697 685 871 753 τύχην
910 683 999 736 καὶ
1039 685 1112 747 ὡς
1153 686 1329 738 ἔδεισε
1367 686 1428 738 τὸ
1468 693 1569 738 τοῦ
1608 685 1907 755 μέλλοντος

212 769 420 841 ἀφανὲς
471 771 562 824 καὶ
617 773 690 835 ὡς
744 771 912 836 δόξαν
965 777 1373 842 μεγαλοψυχίας
1428 773 1650 838 ἐδίωξεν
1695 773 1906 845 ἐχθροῦ

211 862 539 930 φειδόμενος
577 859 669 914 καὶ
708 862 781 923 ὡς
820 859 1043 933 ἐξήτησε
1084 865 1612 932 φιλανθρωπότερος
1642 870 1909 931 νομισθῆ-

210 969 305 1002 ναι
357 957 458 1002 τοῦ
516 952 695 1019 δήμου
751 960 863 1003 τῶν
913 953 1221 1020 Ἀθηναίων
1277 954 1463 1020 ζητῶν.
1518 951 1792 1022 ἀκούομεν
1847 950 1907 1006 δὲ

130 1058 186 1090 x10
209 1037 380 1091 αὐτὸν
417 1039 509 1091 καὶ
546 1040 685 1108 πρὸς
722 1040 818 1102 τὰς
848 1042 1292 1109 Ἀπολλοφάνους
1330 1040 1643 1109 θυγατέρας
1679 1043 1908 1110 ποιῆσαί

207 1146 260 1179 τι
306 1130 706 1196 παραπλήσιον.
769 1127 996 1197 ἀφεῖναι
1041 1129 1146 1198 γὰρ
1195 1130 1364 1191 αὐτὰς
1403 1131 1640 1202 Σατύρῳ
1686 1138 1762 1202 τςό
1809 1138 1907 1198 τῆς

207 1217 496 1288 κωμῳδίας
535 1217 804 1287 ὑποκριτῇ
844 1225 943 1270 τοῦ
982 1218 1187 1287 πατρὸς
1225 1228 1337 1271 τῶν
1387 1227 1570 1287 κορῶν
1609 1217 1905 1271 ἀπεκτονό-

206 1323 300 1367 τος
338 1305 486 1376 αὐτῷ
528 1307 628 1359 τὸν
668 1304 928 1373 ἀδελφόν.

322 1394 404 1446 18.
447 1395 588 1461 Περὶ
635 1395 738 1463 μὲν
786 1391 891 1447 οὖν
936 1403 1031 1463 τῆς
1078 1394 1208 1464 ἐμῆς
1256 1399 1526 1465 σωτηρίας
1567 1403 1796 1448 τοιαῦτα
1834 1395 1904 1448 ἄν

138 1502 180 1535 15
205 1501 287 1545 τις
324 1482 616 1551 ὑπολάβοι,
656 1483 953 1553 λελυμένος
993 1484 1054 1537 δὲ
1091 1485 1197 1552 ήδη
1237 1483 1328 1537 καὶ
1367 1485 1673 1553 τετυχηκὼς
1717 1483 1902 1546 ἀδείας

206 1572 307 1624 οὐκ
347 1571 417 1625 ἂν
457 1575 630 1642 φαίην
677 1572 752 1635 ὡς
799 1572 1213 1642 ἐβουλευσάμην
1259 1573 1387 1626 ὅποι
1433 1574 1534 1642 χρὴ
1578 1571 1900 1643 τραπέσθαι.

113 1662 236 1710 RIV
253 1670 338 1710 260
390 1659 395 1733 1
436 1664 616 1715 καίτοι
654 1663 801 1730 παρὰ
839 1666 1064 1724 πολλοῖς
1102 1671 1214 1715 τῶν
1244 1661 1525 1731 Ἑλλήνων
1570 1658 1713 1730 ἦσαν
1752 1660 1901 1729 εὐερ-

202 1753 382 1818 γεσιάι
428 1771 523 1819 μοι
569 1754 840 1819 κείμεναι,
879 1749 970 1804 καὶ
1017 1749 1331 1819 μετέδωκαν
1379 1749 1627 1817 ἀσμένως
1681 1750 1750 1802 ἄν
1805 1770 1899 1817 μοι

201 1837 292 1890 καὶ
339 1843 617 1901 πολιτείας
663 1839 754 1891 καὶ
800 1846 901 1907 γῆς
947 1838 1039 1891 καὶ
1085 1848 1197 1892 τῶν
1237 1840 1420 1892 ἄλλων
1467 1838 1724 1907 ἀγαθῶν,
1772 1836 1900 1891 ἀλλ’

322 2003 377 2043 10
409 2014 475 2055 sq.
511 2000 567 2044 ef.
601 1999 664 2043 IV
689 2004 759 2054 36,
779 2004 827 2054 53
851 2001 884 2043 t.
910 1999 975 2043 IV
999 2004 1099 2054 320,
1120 2004 1171 2042 11
1192 1999 1244 2042 R.
1278 1999 1406 2043 Dem.
1433 1998 1537 2043 fals.
1554 1998 1645 2056 leg.
1670 2003 1694 2052 ξ
1724 2002 1808 2041 194
1827 2012 1894 2053 sq.

198 2072 245 2114 p.
271 2063 372 2113 401,
391 2064 447 2103 25
466 2075 533 2115 sq.
661 2063 715 2103 18
749 2059 891 2102 Thuc.
917 2059 938 2101 Ι
971 2063 1070 2115 129,
1090 2063 1129 2102 3.
1161 2058 1283 2102 Plat.
1314 2073 1410 2114 rep.
1435 2058 1456 2101 I
1486 2074 1532 2115 p.
1560 2062 1645 2101 345
1663 2058 1703 2100 A

319 2211 343 2249 2
378 2203 464 2251 οὖν
496 2209 606 2251 ante
636 2207 827 2266 ἀκριβὲς
850 2207 959 2251 Lau
1104 2211 1130 2249 3
1169 2205 1542 2263 τεκμαιρομένων
1576 2206 1633 2250 Vi
1775 2210 1803 2248 4
1835 2202 1895 2249 ἂν

197 2266 306 2321 post
335 2265 483 2309 πολλὰ
507 2268 553 2310 Β
582 2268 587 2323 Ι
616 2262 650 2309 ὦ
683 2268 911 2322 ἀθηναῖοι
941 2265 1089 2310 πολλὰ
1122 2265 1328 2310 ῘΤίΜαΟΖ
1448 2269 1473 2307 8
1506 2261 1696 2316 ἐδίωξεν
1729 2263 1895 2319 scripsi

199 2325 468 2369 auctoribus
498 2325 710 2369 Iacobsio
743 2325 856 2368 Lect
890 2329 973 2369 103
1005 2324 1163 2368 Achill
1186 2324 1275 2367 'rat
1307 2328 1391 2368 889
1424 2324 1522 2367 Rev
1543 2327 1570 2365 4
1603 2326 1650 2366 et
1681 2322 1892 2373 Weiskio

197 2382 294 2439 hyp
311 2383 426 2426 1146
490 2383 662 2437 ἔδειξεν
686 2384 798 2427 libri
822 2384 913 2428 edd
942 2390 1052 2441 „aut
1073 2383 1311 2440 λήψεσθαι
1335 2383 1494 2436 ἔδοξεν
1519 2388 1603 2426 aut
1629 2381 1889 2439 ἐθήρασεν“

197 2441 268 2486 Re
410 2447 436 2486 8
477 2442 663 2499 ἐζήτησε
701 2444 753 2486 in
790 2457 925 2500 marg
962 2443 1087 2486 inser
1112 2443 1224 2486 ΜαῖΞ
1292 2457 1367 2486 om
1394 2442 1446 2486 Ol
1521 2441 1702 2496 ἐζήτησε
1730 2441 1891 2486 OVaB

198 2502 310 2546 Lau
325 2501 394 2545 Re
455 2503 686 2558 scriptura
709 2503 759 2546 in
787 2503 846 2546 Cr
868 2515 1035 2558 parum
1060 2504 1187 2545 certa
1309 2506 1334 2544 9
1359 2501 1470 2558 τῶν]
1495 2507 1577 2544 τοῦ
1595 2501 1689 2545 ΗΟ
1746 2500 1892 2555 scrip-

195 2562 305 2603 tura
335 2561 384 2603 in
412 2560 472 2604 Cr
502 2575 668 2616 parum
693 2564 820 2605 certa
847 2563 853 2617 Ι
885 2564 1055 2618 ,ζητῶν
1082 2563 1231 2605 abesse
1258 2561 1440 2604 malim⁴⁴
1468 2560 1537 2603 Re
1659 2563 1713 2602 10
1746 2559 1891 2602 αὐτὸν

195 2632 274 2662 om
298 2620 353 2663 H
359 2620 577 2674 VOWolf
599 2620 711 2663 Feri·
772 2619 1002 2676 scriptura
1029 2620 1078 2662 in
1106 2620 1164 2663 Cr
1195 2633 1360 2675 parum
1393 2619 1520 2663 certa
1642 2623 1693 2661 11
1727 2621 1790 2678 τῷ
1815 2631 1890 2661 0111

195 2677 310 2721 Fen·
447 2683 500 2722 12
533 2679 709 2732 πατρὸς
731 2704 788 2711 -
814 2677 1125 2730 ἀπεκτονότος
1155 2679 1204 2721 in
1234 2693 1309 2722 ras
1342 2677 1403 2721 V2
1452 2681 1459 2733 Ι
1507 2684 1599 2720 τῶν
1630 2683 1780 2731 κορῶν
1813 2690 1890 2719 om

195 2737 500 2792 HOWosza
533 2737 614 2782 sed
646 2737 695 2780 in
726 2738 816 2782 hoo
845 2737 930 2793 τὴν
962 2745 1114 2791 κορῶν
1146 2738 1196 2780 in
1227 2751 1360 2793 marg
1390 2735 1473 2790 111²,
1498 2737 1543 2780 B
1575 2736 1686 2779 Ferr
1726 2737 1734 2791 Ι
1772 2736 1888 2778 ἀπο-

194 2795 467 2847 κταινόντος
491 2798 550 2841 H
603 2795 954 2845 ἀποκτανόντος
980 2796 1156 2850 OWolf
1180 2796 1291 2840 Feri·
1412 2799 1467 2838 14
1497 2801 1691 2838 τοιαῦτα
1723 2793 1888 2849 scripsi

193 2868 222 2898 e
247 2856 472 2900 BViLau
547 2862 693 2899 ταῦτα
726 2857 783 2899 H
789 2855 1226 2909 VOWoszaMaol
1264 2854 1355 2898 edd
1499 2857 1552 2896 16
1597 2851 1716 2897 ὅπου
1742 2852 1889 2897 ΜαΟΖ

317 2918 371 2958 18
403 2931 482 2971 μοι
514 2928 588 2958 om
615 2915 818 2959 GrHVO
844 2914 955 2957 Fen·
