2010 3168
203 108 306 159 132
676 106 904 151 LIBANII
933 106 1324 152 DECLAMATIO
1357 108 1441 151 XV

198 229 335 296 ἔστεο
369 244 473 312 γὰρ
515 243 782 311 ὁπότερον
820 243 1029 311 βούλει,
1067 241 1158 296 καὶ
1199 243 1290 295 διὰ
1326 251 1490 296 τοῦτο
1523 243 1588 296 οὐ
1623 232 1888 296 διώκουσί

196 352 279 399 με,
318 331 487 400 <τὸν>
532 332 623 384 καὶ
670 332 816 400 παρὰ
862 340 978 394 τοῖς
1025 332 1303 402 ῥᾳθύμοις
1349 332 1439 384 καὶ
1486 331 1777 401 ὀλιγώροις
1827 331 1888 386 ἐν

197 423 394 484 αἰτίαις
442 419 521 473 ἀεὶ
575 423 738 474 ποῖόν
783 441 907 474 τινα
957 422 1058 489 χρὴ
1114 422 1300 474 δοκεῖν
1347 417 1512 491 εἷναι;
1568 422 1729 474 δυοῖν
1784 417 1888 473 οὗν

197 510 402 578 ἀνάγκη
452 510 718 579 θάτερον,
765 508 797 577 ἢ
839 506 899 562 σε
947 505 1018 562 δι’
1065 509 1406 576 ὑπερβολήν,
1454 508 1525 562 ἵν’
1581 509 1724 563 οὕτω
1781 519 1887 579 φῶ,

152 620 170 652 5
197 601 561 668 χρηστότητος
592 597 682 650 καὶ
707 600 837 660 τοὺς
863 597 1215 666 ἀπράγμονας
1241 599 1675 664 φιλοκινδύνους
1699 617 1887 652 πεποι-

108 693 163 736 H.
181 692 240 735 IX
262 697 316 736 58
379 687 569 756 ηκέναι
594 686 624 755 ἢ
651 686 875 757 <τοὺς>ξ
906 688 1071 756 φύσει
1100 689 1412 756 φιλαιτίους
1443 688 1534 740 καὶ
1565 688 1702 757 πρὸς
1735 687 1888 740 ἀναι-

195 780 364 845 τίους,
395 775 428 844 ἢ
463 770 585 829 οἷον
617 776 709 843 ἐμὲ
739 777 977 846 χρηστὸν
1008 776 1096 828 καὶ
1135 786 1248 838 τοῖς
1280 776 1654 845 συκοφάνταις
1687 778 1887 829 δοκεῖν.

195 869 244 918 εί
282 866 383 934 μὲν
423 867 526 936 γὰρ
569 863 692 934 οὐχὶ
740 866 842 933 τὴν
889 864 1061 933 αὐτὴν
1111 863 1360 936 ᾠκοῦμεν
1406 867 1586 933 πόλιν,
1627 860 1772 933 εἶχεν
1819 865 1887 918 ἂν

194 957 476 1025 πρόφασιν
523 953 687 1016 αὐτὸς
732 954 834 1020 μὲν
881 956 1211 1022 φιλοψόγοις
1265 963 1548 1006 συνοικεῖν
1600 953 1886 1022 ἀνδράσιν,

130 1066 172 1097 10
198 1043 301 1112 ἐγὼ
344 1044 405 1096 δὲ
445 1044 527 1096 ὅτι
575 1041 786 1114 πρᾴους
835 1043 1043 1111 εὐτυχῶ
1091 1046 1221 1104 τοὺς
1266 1046 1511 1104 πολίτας·
1565 1045 1614 1096 εί
1653 1040 1713 1096 δὲ
1751 1045 1886 1096 κατὰ

194 1135 323 1194 τοὺς
378 1133 581 1195 αὐτοὺς
634 1135 841 1199 νόμους
888 1131 975 1185 ἐπὶ
1028 1140 1123 1199 τῆς
1176 1132 1344 1200 αὐτῆς
1398 1132 1600 1201 ἀγορᾶς
1655 1133 1720 1185 οὐ
1775 1142 1887 1185 τῶν

196 1222 381 1275 αὐτῶν
418 1222 576 1291 ὑμῶν
615 1221 1015 1290 πεπειράμεθα,
1063 1221 1164 1290 οὐχ
1203 1221 1235 1288 ἡ
1276 1230 1386 1274 τῶν
1432 1225 1674 1274 πολιτῶν
1718 1222 1886 1291 φύσις

197 1312 358 1379 αἰτία,
397 1313 533 1380 πρὸς
565 1309 912 1380 ἀμφοτέρους
943 1311 1048 1379 γὰρ
1083 1309 1199 1379 [ἂν]
1233 1306 1302 1378 ἦν
1333 1312 1446 1377 μία,
1480 1310 1508 1363 ὁ
1541 1309 1592 1363 δ’
1629 1310 1887 1381 ἡμέτερος

195 1402 392 1467 τρόπος
446 1400 780 1468 διενηνοχὼς
827 1396 958 1451 οὐδὲ
998 1399 1139 1465 ὑμᾶς
1193 1399 1418 1467 ὁμοίους
1472 1398 1707 1471 ἑκατέρῳ
1755 1413 1885 1452 συν-

129 1510 171 1542 15
197 1489 435 1557 έστησεν.

307 1578 391 1630 29.
428 1581 515 1630 Σὺ
547 1578 648 1644 μὲν
681 1573 784 1630 οὖν
817 1580 960 1649 λόγῳ
992 1577 1190 1630 πλάττε
1221 1580 1352 1639 τοὺς
1391 1580 1616 1639 πολίτας
1661 1577 1886 1640 ὁποίους

197 1667 424 1734 ἐθέλεις,
465 1667 570 1719 εἴτε
609 1667 747 1734 πρὸς
789 1667 1122 1734 κατηγορίαν
1162 1665 1506 1735 ὀξυρρόπους
1546 1666 1652 1718 εἴτε
1691 1670 1886 1735 μελλη-

195 1758 307 1824 τάς,
346 1757 483 1823 πρὸς
523 1755 657 1824 ἐμοῦ
697 1756 800 1824 γὰρ
842 1755 1145 1823 ἀμφότερα,
1195 1757 1245 1807 εἰ
1281 1752 1382 1823 μὲν
1421 1754 1748 1822 ἀοργήτους,
1802 1755 1882 1808 ὅτι

196 1844 286 1898 καὶ
318 1846 551 1907 τούτους
582 1843 921 1914 παρώξυνας,
947 1845 994 1896 εἰ
1028 1843 1089 1896 δὲ
1122 1843 1493 1912 δυσαρέστους
1523 1842 1614 1896 καὶ
1642 1844 1886 1913 πικρούς,

131 1956 173 1987 20
199 1935 282 1986 ὅτι
328 1931 418 1986 καὶ
464 1933 741 1995 τοιούτοις
785 1933 975 2000 ἤρεσα·
1029 1930 1147 2000 ἐμοὶ
1199 1929 1246 1983 δ’
1294 1931 1475 1985 ὁποῖοι
1532 1934 1742 1985 δοκεῖτε
1795 1933 1884 1984 καὶ

196 2023 394 2084 πάντες
447 2023 739 2088 ἄνθρωποι
797 2023 1270 2090 μαρτυρήσουσιν,
1327 2021 1428 2073 οὐκ
1484 2021 1697 2089 ὀκνήσω
1754 2021 1884 2089 μετὰ

195 2115 500 2180 παρρησίας
540 2113 728 2163 εἰπεῖν.
775 2110 932 2178 ὑμεῖς
980 2111 1104 2178 ἄχρι
1150 2107 1251 2178 μὲν
1297 2118 1397 2162 τοῦ
1447 2110 1649 2180 ῥᾳδίως
1686 2110 1883 2162 ὑπονο-

195 2210 323 2269 ῆσαι
362 2199 452 2252 καὶ
493 2200 743 2252 ἀναίτιον
782 2200 1137 2252 αἰτιάσασθαι
1171 2197 1371 2261 δόξαιτ’
1410 2198 1479 2251 ἂν
1512 2198 1886 2269 ἀπαραίτητοι,

316 2321 341 2360 5
375 2315 432 2359 cf.
458 2331 500 2372 p.
531 2320 627 2369 148,
645 2320 672 2359 4
809 2320 834 2358 6
869 2314 925 2358 cf.
950 2330 996 2371 p.
1025 2319 1124 2369 116,
1144 2319 1196 2357 17
1337 2319 1389 2357 16
1408 2329 1473 2370 sq.
1501 2314 1557 2358 cf.
1583 2329 1628 2370 p.
1656 2318 1754 2369 175,
1774 2317 1798 2356 3
1817 2328 1883 2369 sq.

318 2397 338 2462 1
374 2396 590 2462 διατοῦτο
618 2419 754 2464 ΜαΡ
894 2423 919 2460 2
959 2417 1041 2461 τὸν
1074 2420 1181 2460 ante
1215 2418 1293 2461 καὶ
1327 2418 1515 2470 inserui,
1551 2417 1661 2460 olim
1695 2419 1801 2460 ante
1835 2417 1884 2461 ἐν

257 2493 331 2522 0111
359 2479 493 2522 ΜαΡ
517 2480 522 2534 1
551 2485 647 2527 τοῖς
677 2475 911 2538 ρᾳθύμοις
942 2478 1022 2520 καὶ
1056 2476 1292 2532 ὀλιγώροις
1323 2477 1486 2532 scripsi
1549 2473 1782 2532 ραθύμοις
1805 2476 1885 2519 καὶ

195 2546 292 2589 τοῖς
308 2537 486 2595 ὀλιγώρ
491 2553 546 2587 ιις
562 2538 698 2581 ΜαΡ
808 2542 832 2580 5
851 2536 1144 2592 θρασύτητος
1160 2536 1263 2579 coni
1282 2535 1521 2579 Hertlinus
1551 2540 1556 2589 Ι
1583 2535 1692 2586 τοὺς
1707 2534 1884 2591 ἀπραγ-

197 2614 342 2652 μονας
371 2598 459 2641 Μα
491 2596 573 2638 sed
603 2597 716 2663 τοὺς
741 2597 771 2639 ἀ
803 2597 852 2639 111
883 2609 958 2638 ras
989 2594 1059 2638 m²
1204 2600 1228 2637 6
1263 2596 1371 2645 τοὺς
1401 2594 1575 2637 inserui
1652 2608 1726 2637 om
1752 2596 1888 2638 MaP

300 2660 340 2730 8
390 2651 510 2712 εἶχεν
558 2655 719 2710 scripsi
764 2668 788 2697 e
831 2656 918 2698 Ma
996 2651 1087 2711 εἶχε
1134 2669 1217 2708 μεν
1259 2656 1304 2698 P
1375 2653 1556 2709 εἴχομεν
1601 2653 1744 2696 Cobet

201 2719 251 2758 13
298 2712 358 2759 ἂν
401 2713 657 2757 cancell-avi
803 2718 856 2756 14
900 2714 1199 2770 διενηνοχώς·
1246 2712 1355 2756 οὐδὲ
1389 2715 1434 2757 Ρ
1478 2716 1483 2767 Ι
1533 2712 1652 2768 ὑμᾶς
1695 2711 1885 2767 ὁμοίους

198 2774 361 2829 scripsi
394 2787 496 2816 cum
522 2772 735 2816 Hertlino
797 2772 917 2828 ἡμᾶς
942 2772 1110 2827 ὁμοίως
1134 2773 1180 2815 P
1237 2778 1344 2827 μιᾶς
1376 2769 1563 2828 ὁμοίους
1582 2772 1669 2813 Μα
1719 2773 1725 2828 Ι
1775 2785 1882 2815 συν-

198 2831 382 2888 έστησεν
415 2831 579 2888 scripsi
641 2830 907 2887 συνίστησιν
931 2833 976 2875 P
1042 2829 1275 2886 συνίστησι
1303 2832 1390 2874 Ma
1513 2835 1565 2873 16
1598 2830 1767 2884 πρᾶττε
1794 2830 1883 2874 Μα

317 2939 371 2976 23
404 2906 748 2989 ἀπαραιτήτιῖύες
771 2936 817 2978 Ρ
