2010 3168
355 103 687 151 ANTILOGIA
716 102 797 149 DE
828 101 1010 148 LAIDE
1042 99 1173 149 NON
1204 98 1578 148 REVOCANDA
1697 98 1804 156 477

117 243 207 297 καὶ
261 244 391 307 τοὺς
443 237 505 296 εὖ
560 249 912 313 φρονοῦντας
963 241 1090 310 περὶ
1143 240 1349 310 ταύτην
1402 238 1808 302 ἐσπουδακότας

118 332 252 403 ὁρῶ,
298 330 389 385 καὶ
436 332 541 401 γὰρ
589 335 777 394 πόλεις
830 330 997 400 ὀρθοῖ
1049 327 1141 382 καὶ
1196 328 1363 393 δόξαν
1409 330 1672 398 πλείστην
1717 327 1807 382 καὶ

118 421 408 491 χρημάτων
445 424 690 474 πλοῦτον
719 427 1009 488 περιποιεῖ,
1048 426 1254 472 παῦσαι
1292 419 1608 487 παράθεσιν
1638 417 1808 488 ἆμαρ-

117 510 371 580 τημάτων
407 510 738 577 ποιούμενος
775 507 865 561 καὶ
904 508 966 561 τὸ
1006 507 1108 575 μὲν
1147 507 1446 577 αἱρεῖσθαι,
1485 507 1546 560 τὸ
1581 503 1643 559 δὲ
1675 507 1808 576 φεύ-

117 619 237 668 γειν
275 607 562 669 παραινῶν
602 596 734 651 δέον
774 596 863 667 ἐφ’
909 595 1115 668 ἑκάστῳ
1161 598 1223 650 τὸ
1273 605 1539 650 συνοῖσον
1578 606 1807 649 σκοπεῖν
1854 618 1875 650 5

116 683 249 757 καὶἿ
282 689 564 757 πρόφασιν
604 685 873 756 ἐπιζητεῖν
912 687 1152 757 εὐπρεπῆ
1193 684 1264 738 δι’
1303 681 1367 755 ἧς
1398 686 1431 755 ἡ
1469 687 1628 749 πόλις
1674 690 1789 735 RIV
1811 695 1895 735 437

116 786 211 847 τῆς
250 775 511 847 ἑκατέρου
550 775 758 846 βλάβης
797 775 1065 846 ἐλευθέρα
1097 777 1313 845 φανείη.
1357 774 1440 828 16.
1471 775 1610 846 πρὸς
1639 781 1809 844 θεῶν,

117 868 352 935 πότερον
391 867 619 934 ἄμεινον
657 860 803 919 εἷναί
845 880 934 919 σοι
982 866 1157 933 δοκεῖ,
1207 863 1466 935 ἑκατέρου
1514 874 1738 935 κρατεῖν
1775 863 1808 933 ἢ

116 956 359 1025 θάτερον
412 952 512 1025 μὲν
565 957 732 1026 ψήφῳ
794 962 1031 1025 κυροῦν,
1092 955 1155 1008 τὸ
1219 951 1280 1007 δὲ
1333 953 1522 1024 ἕτερον
1579 961 1810 1023 παῦσαι;

120 1050 249 1108 ἴσως
287 1043 358 1097 ἂν
402 1045 464 1098 τὸ
510 1046 784 1114 πρότερον
831 1044 1195 1113 ὁμολογήσαις
1242 1043 1540 1114 ἐρυθριῶν.
1589 1043 1656 1096 οὐ
1703 1044 1808 1112 γὰρ
1835 1066 1877 1098 10

119 1134 148 1188 ὁ
187 1135 254 1186 τὰ
299 1133 490 1205 μέτρια
543 1138 896 1203 πλημμελῶν,
943 1131 1059 1186 ἀλλ’
1106 1131 1135 1185 ὁ
1175 1132 1371 1202 μηδενὶ
1419 1141 1533 1185 τῶν
1578 1132 1810 1202 φαύλων

116 1224 418 1290 νικώμενος
472 1223 750 1290 εὐδαίμων
810 1221 880 1275 ἂν
943 1223 1163 1285 εἰκότως
1219 1224 1512 1289 νομίζοιτο.
1573 1220 1809 1291 μεινάτω

117 1314 311 1366 τοίνυν
350 1313 423 1375 ὡς
461 1314 570 1382 ἔχει
611 1313 767 1380 Λαίς,
806 1312 895 1365 καὶ
935 1312 1000 1364 τὰ
1039 1319 1136 1380 τῆς
1175 1311 1422 1373 εὐκλείας
1469 1309 1523 1374 ἐξ
1562 1309 1811 1379 ἡμισείας

117 1401 250 1464 τέως
302 1402 679 1470 κατώρθωται.
733 1402 860 1454 οὔτε
915 1401 1018 1469 γὰρ
1074 1399 1107 1468 ἡ
1162 1403 1355 1469 νεότης
1407 1397 1532 1468 περὶ
1595 1399 1811 1468 ἐκείνην

117 1491 440 1560 κωμάζουσα
476 1492 873 1559 περιφρονήσει
905 1491 969 1543 τὰ
1007 1491 1233 1543 τακτικὰ
1270 1490 1362 1543 καὶ
1393 1490 1460 1543 ὃν
1490 1487 1603 1543 ἔδει
1641 1492 1810 1541 πλοῦ·
1836 1514 1876 1547 15

117 1600 217 1634 τον
254 1580 393 1648 ὑπὲρ
431 1587 527 1649 τῆς
564 1581 776 1642 πόλεως
815 1578 1061 1633 ἀναλοῦν
1101 1580 1178 1642 εἰς
1228 1579 1460 1648 εὐωχίας
1496 1582 1812 1641 πολυτελεῖς

119 1667 208 1722 καὶ
250 1668 432 1738 μέθην
468 1668 560 1722 καὶ
597 1669 693 1731 τὰς
742 1669 968 1738 αἰσχρὰς
1014 1669 1315 1737 δαπανήσει
1361 1677 1473 1721 τῶν
1519 1668 1740 1737 ἡδονῶν
1776 1667 1811 1736 ἥ

121 1778 180 1811 τε
218 1760 376 1821 πόλις
412 1758 477 1810 οὐ
519 1757 665 1822 δόξει
696 1759 1158 1827 μεταβεβλῆσθαι,
1196 1758 1322 1828 περὶ
1362 1753 1440 1810 ὧν
1478 1755 1571 1810 καὶ
1610 1759 1680 1810 σὺ
1718 1776 1812 1809 κα-

238 1911 263 1948 3
296 1903 656 1962 ἁμαρτημάτων]
683 1903 784 1959 ἤτοι
814 1902 1043 1959 πορνείας
1065 1904 1146 1947 καὶ
1170 1901 1378 1962 μοιχείας
1404 1905 1483 1948 My
1613 1908 1638 1947 9
1670 1903 1811 1947 θάτε-

122 1965 225 2023 ρον]
249 1963 474 2020 πορνείαν
501 1964 711 2008 MmMa⁸
772 1962 947 2022 ἕτερον]
980 1962 1400 2022 μοιχείανΜεΙΜαῖ
1523 1967 1576 2006 10
1616 1963 1668 2007 τὸ
1699 1961 1811 2019 πρό·

119 2025 273 2082 τερον]
303 2025 355 2068 τὸ
389 2022 608 2079 ἑκατέρου
639 2030 826 2079 κρατεῖν
852 2024 1065 2068 MmMa²

239 2163 261 2202 1
309 2155 657 2207 ἐσπουδακότας
694 2158 800 2212 περὶ
842 2157 1015 2214 ταύτην
1051 2158 1178 2202 BVa
1322 2162 1347 2200 5
1392 2155 1522 2214 δέον]
1563 2157 1813 2211 „sententia

114 2218 320 2274 postulat
351 2217 392 2261 εἰ
424 2218 474 2262 δὲ
507 2218 591 2260 δεῖ.
625 2217 713 2262 Sed
741 2218 890 2262 satius
921 2222 984 2262 est
1013 2217 1244 2272 suspicari
1273 2217 1346 2261 hic
1376 2217 1556 2272 aliquid
1587 2217 1743 2269 deesse,
1776 2230 1810 2259 e.

120 2290 155 2320 e.
188 2277 228 2321 εἰ
260 2275 310 2321 δὲ
343 2279 634 2331 φιλονεικεῖς,
667 2278 728 2326 ὡς
759 2274 898 2321 δέον“
931 2276 998 2320 Re
1030 2279 1079 2320 at
1111 2275 1167 2320 cf.
1193 2291 1237 2332 p.
1263 2279 1364 2330 468,
1385 2280 1439 2319 15
1562 2280 1586 2318 6
1621 2272 1680 2319 ἂν
1703 2277 1813 2331 post

120 2332 174 2390 ἧς
215 2336 513 2379 inserendum
552 2336 656 2378 coni
696 2334 853 2379 Gasda
997 2340 1020 2378 7
1065 2342 1145 2392 τῆς
1184 2332 1270 2391 ἀφ’
1309 2333 1527 2390 ἑκατέρου
1560 2334 1664 2379 coni
1696 2334 1763 2378 Re
1800 2335 1803 2382 ἔ

121 2393 290 2452 φανείη
316 2394 482 2451 scripsi
543 2401 672 2453 φανῇ
698 2394 807 2438 libri
832 2395 922 2438 edd
957 2396 964 2451 Ι
997 2397 1117 2439 θεοῦ
1137 2395 1193 2438 Μ
1314 2399 1340 2438 8
1373 2395 1505 2438 δοκεῖ
1526 2390 1649 2438 εἶναι’
1672 2407 1743 2437 σοι
1760 2393 1816 2436 Η

125 2487 129 2512 2
165 2452 383 2508 ἑκατέρου
413 2454 473 2497 Μ
500 2454 580 2497 sed
603 2452 615 2467 '
642 2455 690 2497 et
721 2471 776 2498 ov
800 2454 849 2497 in
872 2468 948 2498 ras
972 2453 1042 2497 m²
1165 2458 1218 2497 10
1252 2453 1556 2510 ὁμολογήσαις
1587 2452 1750 2509 scripsi

122 2512 403 2570 ὁμολογήσης
427 2514 472 2557 Β
485 2513 703 2558 VaMaCl
778 2512 1071 2571 ὁμολογήσεις
1095 2513 1210 2557 HM
1219 2514 1275 2557 Vi
1316 2513 1406 2557 edd
1485 2510 1813 2568 ὁμολογήσειας

124 2573 279 2616 Gasda
313 2575 319 2630 Ι
355 2574 409 2616 οὐ
442 2571 530 2629 γὰρ
562 2572 611 2614 in
642 2585 776 2630 marg
803 2573 855 2617 01
976 2578 1027 2616 11
1063 2571 1151 2628 γὰρ
1185 2571 1209 2616 ὁ
1244 2586 1315 2616 om
1352 2573 1410 2616 Vi
1434 2575 1441 2629 Ι
1469 2574 1707 2628 πλημελών
1743 2572 1812 2615 Va

125 2633 273 2676 MMa
419 2636 471 2675 13
512 2631 573 2682 ὡς
612 2634 720 2676 ante
759 2632 806 2685 ἐξ
841 2633 897 2676 Vi
945 2633 951 2687 Ι
1003 2629 1260 2688 ἐξημισείας
1283 2633 1329 2676 Β
1476 2635 1529 2674 14
1564 2629 1674 2680 τέως
1706 2632 1812 2685 post

123 2689 284 2747 νεότης
316 2691 522 2735 ViMaGl
560 2692 608 2734 et
644 2691 769 2734 inser
812 2691 900 2735 Va'
949 2694 955 2745 Ι
1005 2692 1110 2745 περὶ
1151 2689 1333 2747 ἐκείνην
1374 2689 1648 2745 κωμάζουσα
1687 2689 1812 2732 inser

29 2783 34 2787 .
126 2749 236 2794 Ma*
312 2764 388 2793 om
419 2750 668 2794 BVaViC'l
812 2755 866 2793 15
909 2749 1255 2806 καταφρονήσει
1298 2751 1365 2794 Va
1404 2749 1485 2793 sed
1524 2765 1629 2802 περι
1669 2761 1811 2803 supra.

124 2825 243 2852 κατα
258 2808 328 2852 m'
449 2813 502 2852 16
527 2809 633 2863 περὶ
650 2809 760 2853 Ferr
783 2811 831 2854 et
855 2826 908 2866 γρ
926 2809 975 2852 in
991 2823 1125 2866 marg
1143 2809 1244 2852 Mor
1366 2812 1418 2851 17
1445 2807 1732 2864 δαπανήσεις
1757 2808 1814 2851 Vi

129 2868 214 2910 Ma
246 2869 328 2911 sed
358 2868 407 2911 in
437 2869 526 2912 hoc
551 2885 573 2918 ς
605 2867 697 2911 add
722 2868 793 2910 m³
827 2873 833 2924 Ι
868 2875 958 2911 τῶν
990 2868 1175 2924 ἡδονῶν
1206 2868 1255 2911 in
1286 2867 1360 2911 lac
1388 2871 1501 2910 7—8
1526 2866 1606 2910 litt
1667 2880 1741 2910 om
1766 2867 1812 2910 B

183 2934 274 2972 τῶν
305 2926 424 2972 νέων
458 2927 664 2972 ViMaC'l
