2010 3168
498 140 695 186 INVIDI
726 140 795 184 SE
825 139 1206 184 DEFERENTIS
1238 139 1462 186 ORATIO
1573 175 1578 180 .
1729 140 1841 194 639

145 277 370 346 ἐκείνης.
426 275 605 330 ἕωθεν
651 277 872 345 ὀψώνης
921 278 1136 346 πρόεισι
1178 278 1284 330 σὺν
1323 275 1474 348 ἁδρῷ
1521 282 1596 349 τῷ
1636 279 1839 346 βαλαν-

143 370 268 439 vigo,
320 373 484 420 τοῦτο
539 363 601 419 δὲ
646 366 891 428 κενώσας
929 365 1202 434 σπυρίδας
1250 363 1662 435 ἐμπλησάμενος
1708 365 1840 419 ἀνα-

146 454 370 526 στρέφει
407 464 519 507 τῶν
558 452 743 507 ὠνίων
781 455 947 522 ἄγων.
986 449 1153 506 ἔπειτ’
1198 452 1286 522 ἐφ’
1326 452 1516 523 ἕτερον
1554 451 1718 518 ἔξεισι
1749 455 1840 508 καὶ

143 545 314 598 πάλιν
350 563 403 596 τι
443 543 631 614 φέρων
669 542 917 597 ἐπάνεισι
954 545 1195 605 πολλοὺς
1234 543 1500 606 διαύλους
1541 541 1657 596 κατ’
1705 542 1839 611 ἐμοῦ

144 641 244 686 τοῦ
290 633 690 702 κακοδαίμονος
734 630 955 702 τρέχων.
1019 631 1105 684 38.
1144 633 1343 700 μικρὸν
1391 627 1453 684 δὲ
1498 633 1605 702 πρὸ
1648 630 1655 703 Ι
1704 637 1933 681 RTV171

144 724 482 792 μεσημβρίας
528 721 557 774 ὁ
605 723 800 790 γείτων
854 719 1184 790 λελουμένος
1230 717 1442 790 ἔρχεται
1490 720 1840 793 στρατοπέδῳ
1887 742 1909 774 6

144 811 396 865 κολάκων
441 812 934 879 παραπεμπόμενος
981 807 1072 862 καὶ
1119 809 1324 872 κτύπος
1363 810 1703 878 βαδιζόντων
1750 809 1841 863 καὶ

145 899 317 969 γέλως
357 898 446 953 ἐπὶ
486 909 601 961 τοῖς
638 896 767 968 παρ’
813 896 1029 952 ἐκείνου
1070 899 1406 967 σκώμμασιν.
1446 897 1554 967 ἐγὼ
1588 895 1650 952 δὲ
1680 918 1843 951 κατα-

146 991 247 1052 δὺς
284 989 393 1042 ὑπὸ
433 989 536 1056 τὴν
573 989 771 1055 κλίνην
810 988 997 1057 φεύγω
1045 988 1106 1040 τὸ
1145 988 1381 1055 γύναιον
1428 989 1841 1057 αἰσχυνόμενος.

144 1074 322 1132 ἔπειθ’
381 1078 438 1130 oc
487 1074 588 1144 μὲν
642 1076 905 1146 ἀριστῶσι
961 1078 1068 1130 σὺν
1121 1075 1475 1148 λαμπροτέρω
1522 1081 1597 1148 τῷ
1645 1075 1841 1144 γέλωτι
1865 1096 1915 1130 ιο

144 1168 237 1220 καὶ
281 1168 535 1228 πίνοντες
583 1163 818 1237 ᾄδουσιν
862 1165 1074 1235 ὕμνους
1102 1166 1276 1228 ,τινὰς
1330 1166 1514 1235 ὥσπερ
1571 1166 1647 1228 εἰς
1701 1166 1842 1220 θεὸν
1958 1152 1962 1155 ’

145 1258 245 1310 τὸν
291 1257 508 1324 γείτονα
556 1256 988 1317 συντεθεικότες.
1039 1253 1143 1322 ἐγὼ
1192 1251 1254 1307 δὲ
1299 1256 1671 1324 παρατίθεμαι
1716 1254 1843 1325 τρά-

146 1348 337 1413 πεζαν,
364 1343 551 1410 ‘'Hm-⁸3,
590 1344 692 1411 τὴν
731 1342 978 1412 ἀρχαίαν.
1031 1344 1216 1412 δείλης
1255 1342 1417 1406 ὀψίας
1463 1342 1844 1413 ὀρνιθοθῆραι

145 1432 237 1487 καὶ
275 1431 587 1501 κυνηγέται,
626 1431 821 1484 πολλοὶ
859 1429 961 1500 μὲν
992 1433 1167 1500 ἵπποι,
1205 1430 1401 1485 πολλοὶ
1442 1432 1503 1484 δὲ
1533 1433 1713 1500 κύνες,
1751 1430 1843 1485 καὶ

145 1524 496 1591 πανταχόθεν
541 1521 575 1590 ἡ
623 1524 821 1591 τρυφή.
875 1519 966 1574 καὶ
1013 1522 1075 1574 τὸ
1124 1521 1355 1574 δεῖπνον
1408 1517 1585 1574 ἔπεισι
1633 1521 1844 1590 συχνὴν
1867 1543 1915 1576 15

146 1613 285 1678 ἄγον
337 1611 440 1679 τὴν
500 1613 837 1679 πανήγυριν,
893 1608 978 1679 ἐφ’
1040 1609 1069 1663 ὃ
1124 1610 1464 1678 καλούμενος
1520 1610 1843 1679 κρύπτομαι.

147 1700 232 1752 39.
272 1708 366 1769 τῆς
406 1699 697 1769 ὑστεραίας
735 1699 908 1751 ταύτὰ
955 1699 1137 1752 πάλιν.
1179 1698 1207 1753 ὁ
1247 1696 1350 1765 μὲν
1397 1707 1679 1752 σκοπεῖται
1717 1695 1844 1768 περὶ

267 1851 291 1889 1
325 1845 465 1889 Αῐίεὺ.
503 1848 677 1902 Ταγην.
711 1858 828 1888 com.
852 1844 895 1887 H
921 1848 1050 1900 1153,
1070 1849 1124 1887 12
1141 1843 1191 1887 M
1224 1844 1261 1900 (I
1284 1848 1386 1899 521,
1412 1848 1497 1888 503
1515 1844 1587 1900 K).
1634 1843 1841 1900 Alciphr.

147 1918 218 1961 ep.
244 1905 266 1948 Ι
291 1909 376 1958 1‚4
498 1909 523 1947 2
557 1903 614 1947 cf.
647 1905 680 1947 t.
706 1903 727 1946 Ι
752 1908 918 1959 296‚3;
952 1907 1052 1958 358,
1072 1908 1150 1957 20;
1182 1903 1246 1946 ΙΙΙ
1272 1908 1438 1957 111‚5;
1472 1907 1616 1957 385‚2
1660 1908 1666 1960 ι
1717 1903 1774 1948 cf.
1807 1905 1844 1948 t.

146 1964 210 2066 {Z
235 1968 335 2067 ἕξ,
354 1969 380 2007 5
505 1968 558 2007 13
592 1962 649 2007 cf.
684 1963 746 2006 ad
776 1965 810 2007 t.
835 1962 900 2006 HI
926 1967 1024 2017 143,
1046 1968 1099 2007 13
1128 1965 1135 2019 Ι
1163 1962 1221 2007 Cf.
1254 1963 1315 2006 ad
1346 1965 1378 2007 t.
1405 1963 1468 2007 IV
1494 1967 1594 2023 262,
1613 1967 1637 2005 6
1666 1965 1673 2019 Ι
1699 1962 1843 2007 Arist.

147 2139 261 2198 ψετέ
290 2157 343 2198 με
369 2142 414 2184 Β
442 2144 449 2197 Ι
477 2138 537 2185 ἂν
568 2154 644 2184 om
668 2141 847 2185 PMLa
858 2141 1052 2186 Viona
1074 2140 1188 2194 Mor,
1221 2141 1328 2196 post
1360 2138 1611 2196 ἀνάσχοιτο
1638 2140 1770 2184 ΜοΒ
1796 2142 1847 2185 et

147 2200 311 2244 Iacobs
343 2201 445 2244 Ach
477 2200 515 2243 T
540 2203 625 2243 816

269 2265 291 2303 1
327 2258 477 2304 ἕωθεν
501 2285 557 2292 -
581 2257 764 2314 πρόεισι
794 2258 1064 2315 praemissis
1095 2258 1248 2303 verbis
1281 2258 1336 2302 σὺ
1370 2257 1420 2302 δὲ
1454 2256 1705 2314 ὀπωρώνης
1727 2255 1844 2315 λέγε,

149 2319 209 2370 ὡς
240 2318 321 2362 καὶ
352 2319 532 2376 βοώνης
562 2319 644 2362 καὶ
676 2317 879 2375 ὀψώνης.
920 2318 1146 2376 Λιβάνιος
1185 2317 1235 2362 ἐν
1272 2324 1328 2374 τῇ
1368 2323 1450 2360 τοῦ
1490 2319 1733 2372 φθονεροῦ
1765 2332 1843 2372 με·

148 2376 251 2436 λέτῃ
284 2378 403 2422 citat·
433 2377 634 2421 Thomas
666 2377 790 2435 Mag.
826 2392 858 2422 s.
884 2392 924 2421 v.
958 2377 1155 2433 ὀπωρῶν
1187 2375 1373 2431 ὠνήτωρ
1406 2391 1450 2432 p.
1478 2379 1579 2430 258,
1599 2376 1712 2419 1oR
1759 2378 1767 2432 Ι
1816 2374 1844 2420 ὁ

151 2439 259 2481 ante
284 2436 476 2493 ὀψώνης
502 2438 586 2481 Mo
615 2439 621 2493 Ι
648 2434 887 2492 πρόσεισιν
906 2438 990 2481 Mo
1052 2434 1259 2481 κάτεισιν
1276 2435 1425 2478 Thom
1546 2439 1571 2477 2
1606 2432 1845 2489 σπυρίδων

153 2498 199 2540 Ρ
315 2501 340 2539 3
374 2495 500 2552 ἄγων
524 2510 600 2539 om
626 2498 733 2541 PM
738 2496 854 2540 ViC'l
866 2497 933 2541 Va
956 2495 1058 2539 Mor
1178 2500 1205 2538 4
1236 2492 1281 2538 τί
1306 2492 1535 2539 HPLaC'l
1654 2498 1679 2536 6
1712 2493 1843 2538 λουό·

150 2615 287 2655 μενος
313 2599 373 2641 Μ
407 2600 414 2655 Ι
457 2599 636 2655 ἔρχεται
661 2600 738 2644 La
770 2599 851 2643 sed
884 2616 908 2654 ρ
941 2599 1068 2643 inser
1097 2613 1130 2641 n
1189 2569 1382 2655 ’ὀὶρχεται
1408 2598 1453 2641 Ρ
1569 2601 1594 2639 9
1628 2594 1843 2654 αἰσχυνό-

150 2673 288 2714 μενος
317 2657 420 2701 Mor
451 2658 532 2702 sed
563 2674 618 2714 γρ
651 2658 930 2715 αἰδούμενος
968 2658 1018 2702 in
1055 2671 1189 2715 marg
1334 2660 1388 2699 10
1429 2656 1513 2700 σὺν
1554 2655 1618 2698 ἔτι
1658 2658 1853 2716 λαμπρῷ

151 2717 237 2762 Mo
360 2722 413 2760 11
446 2713 614 2779 ᾄδουσι
629 2718 754 2762 BLa
778 2717 869 2761 edd
992 2721 1046 2760 13
1080 2716 1402 2772 ὀρνιθοθῆραι
1425 2715 1632 2770 θηραταὶ
1658 2715 1709 2758 Η
1719 2715 1847 2760 VMo

151 2777 197 2819 B
260 2775 639 2832 ὀρνιθοθηραταὶ
665 2777 842 2821 PMLa
854 2777 966 2821 ViCl
977 2777 1045 2820 Va
1075 2773 1178 2819 Mor
1311 2779 1366 2818 14
1398 2774 1477 2817 καὶ
1509 2787 1583 2816 om
1608 2773 1664 2816 H
1671 2774 1844 2818 VMoB

155 2834 161 2892 Ι
193 2837 343 2891 θῆρες
366 2834 412 2878 Ρ
552 2839 606 2878 16
639 2834 764 2893 ἄγων
793 2835 978 2880 ΜοΡΟΖ
1025 2838 1032 2891 Ι
1082 2828 1117 2892 ᾧ
1141 2836 1188 2879 Ρ
1214 2833 1318 2876 Mor
1348 2833 1429 2876 sed
1465 2834 1650 2888 „melius
1680 2834 1732 2876 in
1763 2833 1843 2877 alt.

150 2908 288 2939 mnsc.
323 2894 432 2952 Περ.
464 2894 679 2938 scribitur
712 2891 762 2937 ‘6⁴‘
798 2894 894 2938 Not
1039 2898 1091 2936 17
1127 2899 1183 2948 τῆ
1216 2889 1439 2947 ὑστεραία
1462 2892 1538 2936 La
1550 2892 1662 2936 Viol
1694 2891 1751 2935 cf.
1784 2890 1846 2935 ad

152 2968 196 3008 p.
224 2958 325 3008 519,
346 2956 400 2996 10
428 2955 435 3009 Ι
461 2959 607 2996 ταῦτα
633 2954 757 2997 BLa
