2010 3168
219 111 328 168 226
686 115 915 159 LIBANII
943 115 1336 161 DECLAMATIO
1367 116 1496 160 XVH

219 247 321 319 μὲν
361 251 496 318 ἔδει,
544 258 708 318 σιγᾶν
753 249 814 304 δὲ
864 247 935 320 ἣν
973 251 1183 320 ἀνάγκη
1231 251 1321 305 καὶ
1360 252 1446 305 ὅτι
1483 253 1587 323 χρὴ
1631 255 1912 307 Φίλιππον

219 341 367 410 παρὰ
413 346 506 407 τῆς
554 339 726 393 αὑτοῦ
774 341 1059 407 δυνάμεως
1104 347 1276 394 ταῦτα
1314 345 1534 394 οἴεσθαι
1579 343 1795 411 λαβεῖν,
1842 342 1910 396 οὐ

129 432 348 477 RH1423
394 429 542 496 παρὰ
579 437 691 481 τῶν
714 426 1007 497 Ἑλλήνων.
1040 424 1124 498 ἀρ’
1165 428 1367 482 ἐλάττω
1400 439 1575 498 σιγῶν
1609 433 1616 494 Ι
1650 431 1912 500 ἠδίκηκας

217 516 250 585 ἢ
291 519 339 569 εἰ
378 517 657 570 συνειπὼν
697 515 1011 587 ἐτύγχανες,

174 628 194 660 5
332 606 417 658 62.
475 602 629 658 Ἀλλ’
691 608 873 659 ἔστιν
933 606 1114 675 ὑμῖν,
1178 609 1371 676 φησίν,
1435 606 1792 676 ἀντειπεῖν,
1856 609 1912 669 εἰ

218 695 571 762 βούλεσθε,
631 696 738 748 καὶ
799 693 1021 757 οὐδεὶς
1090 695 1255 764 ὑμᾶς
1322 692 1492 748 τοῦτ’
1561 694 1911 767 ἀφῄρηται.

219 778 345 836 οἴδα
384 784 469 837 ὅτι
509 784 698 850 βούλει
738 786 867 846 τοὺς
906 783 1272 854 ἀντεροῦντας
1311 791 1556 853 φανῆναι
1602 786 1694 838 καὶ
1739 789 1910 838 πυλα-

218 875 387 941 γόρας
448 870 668 942 ἑτέρους
730 872 997 935 ἐλθόντας
1059 874 1415 926 αἰτιάσασθαι
1476 875 1543 926 τὰ
1602 874 1914 943 πράγματα,

220 960 368 1023 ὅπως
408 960 797 1031 ἀκριβέστερον
837 963 956 1031 εἰδῇ
994 965 1283 1031 Φίλιππος,
1321 962 1529 1030 ἡλίκων
1560 963 1706 1034 αὐτῷ
1739 981 1912 1033 παρα-

154 1072 196 1103 10
219 1051 554 1119 κεχώρηκας,
596 1051 692 1102 καί
735 1063 824 1103 σοι
863 1049 1086 1119 γε’νηται
1132 1051 1270 1121 πρὸς
1317 1044 1399 1113 οἷς
1447 1056 1674 1120 εἴληφας
1711 1051 1915 1120 μισθὸς

219 1139 489 1207 δεύτερος.
533 1138 617 1190 63.
658 1137 776 1191 ἀλλ’
823 1139 891 1191 οὐ
932 1140 1052 1192 λύει
1100 1147 1264 1192 τοῦτο
1303 1140 1405 1208 τὴν
1444 1140 1548 1208 σὴν
1594 1143 1815 1208 κακίαν,
1864 1144 1922 1192 εἴ

219 1224 301 1290 τις
352 1226 537 1297 ἕτερος
591 1227 807 1295 γένοιτο
863 1229 1099 1295 δίκαιος,
1163 1228 1296 1281 οὐδὲ
1348 1230 1409 1282 τὸ
1470 1238 1731 1298 χρηστῶν.
1777 1228 1914 1296 ἡμᾶς

218 1319 461 1369 πολιτῶν
485 1316 743 1386 εὐπορεῖν
763 1318 1040 1387 σωτηρίαν
1063 1318 1148 1370 δεῖ
1171 1325 1286 1379 τοῖς
1309 1325 1573 1385 πονηροῖς
1596 1311 1754 1370 εἶναι.
1780 1313 1913 1369 οὐδὲ

220 1405 343 1475 γάρ,
384 1406 433 1458 εἰ
464 1414 785 1476 στρατηγῶν
815 1404 906 1458 καὶ
947 1406 1166 1475 σαθρὸν
1204 1405 1352 1475 ὁρῶν
1390 1415 1503 1458 τῶν
1537 1409 1814 1475 πολεμίων
1851 1405 1914 1458 τὸ

155 1515 196 1548 15
221 1503 415 1563 τεῖχος,
448 1487 571 1547 οἷον
611 1493 671 1546 ἐκ
701 1496 920 1565 πρώτης
951 1493 1022 1547 ἂν
1052 1504 1378 1547 καταπεσεῖν
1408 1502 1670 1563 μηχανῆς,
1709 1493 1915 1562 ἀπῆγες

219 1583 281 1635 τὸ
330 1583 705 1652 στρατόπεδον
742 1582 876 1653 πρὶν
915 1581 1143 1651 ἐξελεῖν,
1199 1579 1268 1651 ἦν
1321 1583 1392 1635 ἄν
1432 1598 1522 1635 σοι
1566 1590 1729 1635 τοῦτο
1775 1582 1916 1651 πρὸς

224 1671 528 1740 ἀπολογίαν
565 1671 627 1723 τὸ
667 1669 869 1734 ἐξεῖναι
899 1669 1180 1739 πέμψασιν
1217 1669 1376 1724 ἑλεῖν.
1418 1671 1465 1724 εἰ
1504 1672 1609 1741 γὰρ
1640 1671 1738 1723 τὸν
1767 1679 1915 1740 πρῶ-

221 1775 321 1813 τον
358 1767 522 1813 τοῦτο
561 1756 743 1827 ἔσωζε,
780 1757 872 1812 καὶ
910 1760 1008 1812 τὸν
1047 1759 1312 1829 δεύτερον
1353 1760 1425 1812 ἂν
1462 1760 1553 1812 καὶ
1591 1760 1689 1812 τὸν
1727 1761 1916 1827 τρίτον

221 1849 311 1902 καὶ
358 1849 567 1910 πάντας
606 1846 746 1916 ἑξῆς,
790 1846 882 1901 καὶ
930 1847 1106 1910 οὕτως
1145 1847 1215 1900 ἂν
1254 1848 1287 1917 ἡ
1325 1850 1485 1910 πόλις
1531 1849 1766 1916 εἱστήκει
1805 1856 1917 1900 τῶν

156 1960 198 1991 20
223 1936 308 1990 ἀεὶ
347 1937 758 2007 ῥᾳθυμούντων
797 1935 856 1989 ἐκ
895 1945 1006 1989 τῶν
1045 1937 1246 1989 οὔποτε
1284 1933 1386 2005 μὲν
1430 1938 1914 2006 προσβαλλόντων,

222 2143 243 2184 t
288 2082 558 2185 ΙῙ1ἓρ6Ρέω.
592 2097 637 2138 p.
663 2086 853 2136 891,11.
886 2081 1101 2126 Aeschin.
1126 2096 1170 2137 p.
1199 2086 1269 2137 89,
1289 2086 1344 2125 29
1468 2087 1522 2125 14
1556 2082 1612 2125 cf.
1646 2097 1690 2136 p.
1719 2085 1816 2135 140,
1835 2085 1915 2134 23;

247 2176 255 2184 -
452 2177 463 2196 ,

343 2279 369 2316 2
399 2275 507 2329 περὶ
530 2275 625 2319 Ath
651 2275 658 2332 Ι
686 2274 830 2318 αὑτοῦ
862 2273 1026 2330 scripsi
1087 2274 1230 2317 αὐτοῦ
1263 2273 1372 2316 libri
1397 2274 1488 2317 edd
1611 2278 1635 2316 5
1669 2270 1811 2330 φησίν
1841 2273 1914 2316 in-

225 2333 348 2376 serui
380 2346 435 2376 ex
460 2334 555 2377 Ath
630 2348 746 2390 φησι
774 2335 884 2390 post
914 2333 1139 2391 βούλεσθε
1165 2333 1212 2375 P
1239 2332 1330 2375 edd
1403 2346 1478 2376 om
1505 2333 1594 2376 Ma
1737 2336 1762 2375 6
1794 2331 1916 2388 ὑμᾶς

225 2406 301 2436 om
325 2392 415 2435 Ma
464 2393 471 2450 Ι
519 2399 655 2436 τοῦτο
681 2394 771 2437 Ma
915 2398 938 2435 7
973 2391 1255 2446 ἀντεραστάς
1281 2393 1370 2435 Μα
1446 2396 1575 2446 „post
1605 2392 1916 2446 ἀντεροῦντας

224 2451 403 2495 videtur
431 2451 552 2507 ἡμᾶς
581 2452 755 2496 deesse“
786 2451 855 2495 Re
904 2453 910 2509 Ι
959 2448 1227 2507 πυλαγόρας
1269 2450 1433 2507 scripsi
1466 2449 1555 2494 coll
1586 2465 1630 2505 p.
1660 2454 1758 2503 192,
1778 2454 1803 2492 2
1822 2464 1914 2506 sq.;

226 2515 326 2564 227,
345 2514 395 2564 23
443 2515 638 2566 230,12;
687 2514 884 2566 235,18;
933 2514 1136 2564 236,15;
1184 2513 1365 2560 238,12
1405 2510 1453 2552 et
1492 2513 1544 2552 17
1622 2507 1914 2565 πυλαγόρους

224 2569 333 2613 libri
364 2569 456 2612 edd
576 2573 602 2611 8
633 2569 715 2613 καὶ
746 2570 854 2613 ante
886 2567 1068 2623 ἑτέρους
1093 2569 1183 2612 Ma
1303 2572 1328 2611 9
1367 2565 1530 2623 ἡλίκον
1562 2567 1663 2610 Mor
1785 2572 1837 2611 11
1872 2565 1921 2612 εἴ

224 2645 293 2678 τις
333 2627 487 2684 ἕτερος
522 2625 703 2685 γένοιτο
744 2626 927 2679 δίκαιος
956 2627 1196 2684 (διάκονος
1221 2628 1326 2682 Μα)
1366 2626 1531 2682 scripsi
1574 2639 1629 2669 ex
1653 2627 1839 2671 AthMa

226 2684 325 2730 ἀλλ’
355 2689 403 2732 Ρ
427 2687 519 2731 edd
663 2691 717 2730 12
748 2694 811 2730 τῶ
838 2688 928 2731 Μα
961 2690 968 2742 Ι
1008 2686 1129 2742 ὑμᾶς
1154 2687 1243 2730 Μα
1388 2690 1442 2729 13
1471 2684 1695 2739 σωτήριον
1728 2685 1795 2728 Re

230 2750 283 2789 14
315 2745 403 2801 γὰρ
426 2760 502 2790 om
526 2746 621 2790 Ath
758 2750 811 2788 15
845 2743 905 2790 ἂν
935 2745 987 2790 ἐκ
1018 2746 1202 2800 πρώτης
1232 2744 1301 2788 Re
1440 2749 1494 2788 16
1527 2757 1600 2787 σοι
1632 2744 1798 2799 Scripsi
1868 2759 1913 2786 τι

226 2804 337 2848 libri
367 2805 460 2848 edd
603 2809 658 2847 17
688 2803 866 2859 τρόπον
889 2805 984 2848 Ath
1125 2808 1182 2846 20
1218 2803 1385 2847 οὔποτε
1417 2802 1582 2858 scripsi
1642 2803 1770 2846 οὔπω
1802 2801 1911 2846 libri

228 2863 320 2922 cdd
351 2863 433 2907 sed
468 2864 651 2919 „malim
682 2864 738 2906 οὐ
769 2864 979 2907 πώποτε“
1015 2862 1083 2906 Re
1117 2865 1123 2919 Ι
1162 2860 1544 2920 προσβαλλόντων
1576 2861 1739 2917 scripsi
1772 2874 1796 2905 c
1822 2861 1912 2904 Ma

286 2920 644 2979 προσβαλόντων
669 2923 809 2966 AthP
836 2922 927 2966 edd
1909 2921 1912 2923 ’
