2010 3168
901 637 1071 693 XXII.

241 764 555 812 Declamatio
578 763 819 826 inscripta
839 757 1152 832 Ἐξῄτησεν
1184 759 1210 811 ὅ
1247 761 1546 821 Φίλιππος
1577 760 1678 811 τὸν
1709 765 1825 827 Δη-

130 835 454 902 μοσθένην.
485 835 819 902 κατέφυγεν
850 834 945 886 ἐπὶ
976 835 1076 886 τὸν
1104 831 1302 885 Ἐλέου
1334 835 1534 900 βωμὸν
1567 833 1592 884 ὅ
1625 839 1826 901 Δημο-

128 910 316 976 σθένη
330 931 367 971 ς.
399 909 818 970 ἀποσπασθεὶς
850 909 1116 974 ἐξεδόθη.
1165 908 1262 958 καὶ
1294 907 1548 972 ἀφεθεὶς
1579 907 1690 960 ὑπὸ
1722 918 1824 961 τοῦ

133 986 440 1034 Φιλίππου
464 985 680 1051 γράφει
703 979 836 1051 παρ’
852 979 1204 1048 Ἀθηναίοις
1227 981 1463 1032 ἀνελεῖν
1486 982 1586 1033 τὸν
1611 985 1825 1049 βωμόν,

128 1076 228 1122 qua
258 1060 615 1109 Demosthenes
648 1075 788 1107 aram
818 1059 1184 1107 Misericordiae
1196 1052 1238 1125 ¹)
1266 1074 1295 1106 a
1320 1074 1419 1121 qua
1444 1059 1677 1121 abreptus
1703 1063 1825 1122 erat,

128 1137 187 1182 ut
217 1135 452 1196 Philippo
478 1134 754 1195 dederetur,
786 1134 847 1181 ab
879 1135 973 1182 hoc
998 1133 1228 1182 dimissus
1260 1133 1451 1181 destrui
1480 1133 1621 1195 petit,
1654 1151 1824 1196 quam-

127 1224 278 1270 quam
303 1210 408 1257 eius
433 1210 782 1272 argumentum
805 1208 952 1270 plane
976 1207 1148 1255 fictum
1173 1209 1246 1256 est
1256 1199 1317 1273 2),
1334 1208 1558 1255 omnium
1581 1207 1823 1270 Philippi-

126 1298 299 1331 carum
336 1283 608 1330 maximum
647 1282 708 1330 ab
749 1282 1061 1344 eloquentiae
1092 1281 1398 1329 Libanianae
1438 1281 1823 1332 admiratoribus

124 1357 355 1418 plausum
386 1357 507 1404 tulit
537 1372 695 1419 neque
728 1351 988 1419 ‘corporis’
1019 1355 1200 1403 finibus
1241 1355 1455 1404 coercita
1492 1372 1605 1404 man
1612 1356 1677 1404 sit
1685 1393 1698 1418 ‚
1737 1357 1823 1406 sed

123 1432 276 1479 etiam
307 1431 360 1478 in
394 1430 668 1493 complures
693 1431 888 1493 eclogas
912 1432 1111 1492 recepta
1136 1431 1224 1478 est.
1236 1423 1278 1491 3)
1325 1429 1538 1493 Magnus
1564 1431 1723 1494 igitur
1746 1434 1822 1480 est

124 1521 355 1553 numerus
388 1504 611 1553 codicum
651 1504 830 1566 quibus
869 1504 933 1552 ad
971 1505 1100 1552 hanc
1139 1506 1354 1552 aetatem
1391 1504 1631 1565 pervenit.
1695 1504 1823 1553 Sunt

123 1582 292 1627 autem
321 1579 374 1626 hi
408 1581 475 1627 35
486 1573 555 1644 4):

243 1737 287 1791 1)
319 1734 389 1779 De
428 1748 523 1790 qua
554 1735 611 1779 cf.
644 1750 689 1791 p.
719 1739 818 1789 172,
838 1739 913 1788 163
960 1734 1021 1778 ad
1051 1737 1085 1778 t.
1110 1734 1153 1778 11
1179 1738 1277 1789 134,
1297 1738 1374 1789 203
1418 1734 1462 1778 V
1486 1739 1587 1789 528,
1607 1739 1654 1790 13
1697 1736 1729 1779 t.
1755 1735 1820 1780 IV

122 1798 223 1849 284,
243 1798 295 1837 17
314 1794 357 1837 R
380 1795 428 1838 et
449 1794 585 1838 Paus.
611 1793 632 1837 I
659 1799 726 1847 17,
747 1799 786 1837 1.
819 1794 1037 1838 Philostr.
1064 1807 1136 1850 ep.
1163 1798 1231 1837 39.

242 1855 284 1910 2)
317 1856 495 1897 Ansam
525 1854 722 1898 fortasse
753 1853 957 1911 Lycurgi
987 1853 1146 1898 Leocr.
1179 1858 1204 1906 ς
1231 1857 1285 1896 93
1319 1852 1378 1896 de
1411 1852 1678 1898 Callistrato
1711 1869 1817 1898 nar-

119 1912 241 1957 ratio
276 1913 506 1969 praebuit.

241 1974 284 2028 3)
316 1971 485 2015 Utrum
524 1972 668 2015 etiam
705 1970 938 2016 Nicolai
971 1970 1274 2016 Cabasilae
1315 1971 1517 2015 orationi
1559 1971 1815 2029 inscriptae

121 2030 508 2088 συμβουλευτικὸς
535 2028 805 2087 Ἀθηναίοις
834 2032 942 2085 περὶ
971 2038 1054 2075 τοῦ
1089 2031 1138 2076 ἐν
1171 2031 1332 2082 αὐτοῖς
1356 2028 1520 2075 Ἐλέου
1551 2033 1708 2089 βωμοῦ
1741 2046 1815 2076 co-

119 2090 222 2134 dice
253 2090 406 2134 Musei
435 2089 698 2134 Britannici
729 2090 992 2134 Burneiano
1025 2105 1092 2148 gr.
1121 2094 1175 2134 75
1206 2090 1287 2134 fol.
1316 2094 1574 2133 145--146γ
1605 2093 1816 2136 servatae

119 2149 281 2205 aliqua
312 2163 418 2192 cum
448 2150 539 2193 hac
571 2149 914 2193 declamatione
944 2150 1066 2193 ratio
1097 2148 1375 2204 intercedat,
1409 2150 1632 2204 quoniam
1662 2150 1814 2195 lucem

117 2208 323 2251 nondum
354 2208 496 2262 vidit,
529 2208 682 2252 dicere
714 2208 843 2252 haud
874 2221 1007 2264 queo.
1051 2208 1329 2265 Ectypum
1361 2212 1517 2252 autem
1549 2209 1670 2252 illud
1702 2209 1815 2254 olim

117 2266 476 2311 Meadianum
507 2281 632 2311 nunc
662 2267 1015 2312 Dublinense
1047 2266 1310 2324 (hfichaelis
1344 2268 1471 2324 apud
1501 2269 1610 2313 Arn.
1646 2268 1816 2314 Sohae-

117 2326 283 2381 ferum,
314 2326 555 2371 Demosth.
581 2326 643 2370 111
669 2326 801 2382 410²;
840 2328 976 2370 Arch.
1009 2326 1166 2370 Jahrb.
1193 2326 1256 2370 ΠΙ
1281 2331 1365 2370 237
1385 2341 1474 2382 sq.;
1515 2327 1646 2372 Conr.
1680 2328 1814 2372 Wer-

115 2384 267 2439 nicke‚
286 2399 392 2430 ann.
410 2384 574 2441 philol.
592 2385 878 2430 Fleckeisen.
898 2385 1034 2430 CXLI
1052 2391 1136 2429 207
1156 2401 1245 2442 sq.;
1269 2387 1399 2430 Aem.
1418 2386 1628 2444 Krueger
1642 2387 1810 2432 Athen.

114 2444 302 2489 Mitteil.
329 2444 476 2487 XXVI
503 2446 605 2501 132)
637 2445 916 2501 inscriptum
949 2446 1416 2489 ΛΗΜΩΣΘΕΝΗΣ
1443 2449 1819 2491 ΕΠΙΒΩΜΙΟΣ

116 2516 171 2547 ex
218 2503 307 2546 hac
355 2503 695 2548 declamatione
740 2503 898 2560 potius
945 2517 1086 2560 quam
1126 2518 1150 2547 e
1188 2504 1431 2548 Plutarchi
1462 2504 1610 2560 (Dem.
1638 2509 1710 2562 29)
1752 2507 1812 2550 de

114 2564 265 2606 morte
289 2562 617 2606 Demosthenis
640 2563 910 2607 narratione
934 2563 1164 2619 originem
1187 2564 1366 2619 cepisse
1391 2564 1650 2608 statuerim.
1686 2565 1811 2609 Nam

115 2621 473 2666 declamationis
506 2624 834 2678 argumentum
870 2637 975 2666 cum
1006 2623 1066 2666 iis
1098 2622 1336 2678 convenit,
1377 2637 1497 2678 quae
1536 2637 1642 2667 vero
1682 2625 1810 2680 apud

114 2679 417 2724 Plutarchum
441 2680 681 2738 leguntur:
716 2680 812 2737 ἅμα
843 2685 907 2740 τῷ
929 2684 1181 2736 προελθεῖν
1212 2682 1292 2725 καὶ
1323 2682 1680 2737 παραλλάξαι
1711 2683 1811 2727 τὸν

113 2739 300 2796 βωμὸν
332 2739 463 2784 ἔπεσε
493 2740 574 2783 καὶ
606 2739 827 2792 στενάξας
857 2742 1010 2797 ἀφῆκε
1041 2740 1125 2796 τὴν
1156 2739 1314 2798 ψυχήν
1346 2755 1438 2785 non
1470 2741 1597 2797 item.

231 2799 276 2854 4)
309 2797 464 2842 Codex
494 2798 787 2842 Monacensis
820 2814 887 2856 gr.
915 2803 970 2843 96
1004 2813 1032 2842 a
1062 2799 1254 2843 Reiskio
1281 2798 1443 2843 littera
1474 2801 1519 2844 B
1551 2799 1807 2857 insignitus

113 2855 501 2902 declamationem
524 2870 618 2900 non
643 2857 871 2912 continet3
902 2872 987 2914 pro
1005 2860 1051 2902 B
1073 2858 1123 2901 in
1148 2858 1354 2902 editione
1378 2857 1632 2902 Reiskiana
1654 2874 1700 2915 p.
1719 2865 1809 2904 262

111 2917 207 2958 not.
235 2920 291 2959 50
323 2915 576 2972 legendum
607 2917 677 2960 est
716 2917 781 2962 W
805 2919 877 2974 (=
904 2917 1047 2960 codex
1078 2916 1573 2974 Wolfenbuttelanus).

1361 2991 1447 3033 22*
