<?xml version="1.0" encoding="UTF-8"?>
<!DOCTYPE html PUBLIC "-//W3C//DTD XHTML 1.0 Transitional//EN"
    "http://www.w3.org/TR/xhtml1/DTD/xhtml1-transitional.dtd">
<html xmlns="http://www.w3.org/1999/xhtml" xml:lang="en" lang="en">
 <head>
  <title>
</title>
<meta http-equiv="Content-Type" content="text/html;charset=utf-8" />
  <meta name='ocr-system' content='tesseract 3.04.00' />
  <meta name='ocr-capabilities' content='ocr_page ocr_carea ocr_par ocr_line ocrx_word'/>
</head>
<body>
  <div class='ocr_page' id='page_1' title='image "./operarecensuitri06libauoft_0139.png"; bbox 0 0 2010 3168; ppageno 0'>
   <div class='ocr_carea' id='block_1_1' title="bbox 716 130 1816 186">
    <p class='ocr_par' dir='ltr' id='par_1_1' title="bbox 716 130 1816 186">
     <span class='ocr_line' id='line_1_1' title="bbox 716 130 1816 186; baseline 0.009 -10"><span class='ocrx_word' id='word_1_1' title='bbox 716 130 974 176; x_wconf 85' lang='lat' dir='ltr'>CEPHALI</span> <span class='ocrx_word' id='word_1_2' title='bbox 1005 131 1230 176; x_wconf 89' lang='lat' dir='ltr'><strong>ORATIO</strong></span> <span class='ocrx_word' id='word_1_3' title='bbox 1713 133 1816 186; x_wconf 84' lang='lat'><strong><em>131</em></strong></span> 
     </span>
    </p>
   </div>
   <div class='ocr_carea' id='block_1_2' title="bbox 128 267 1825 2301">
    <p class='ocr_par' dir='ltr' id='par_1_2' title="bbox 128 267 1825 1943">
     <span class='ocr_line' id='line_1_2' title="bbox 131 267 1820 339; baseline 0 -17"><span class='ocrx_word' id='word_1_4' title='bbox 131 267 539 338; x_wconf 85' lang='grc' dir='ltr'><strong><em>καθυφιέμενα,</em></strong></span> <span class='ocrx_word' id='word_1_5' title='bbox 590 269 721 331; x_wconf 87' lang='grc' dir='ltr'><strong><em>τοὺς</em></strong></span> <span class='ocrx_word' id='word_1_6' title='bbox 759 268 821 321; x_wconf 81' lang='grc' dir='ltr'><strong><em>δὲ</em></strong></span> <span class='ocrx_word' id='word_1_7' title='bbox 859 267 949 321; x_wconf 81' lang='grc' dir='ltr'><strong><em>καὶ</em></strong></span> <span class='ocrx_word' id='word_1_8' title='bbox 987 269 1087 336; x_wconf 81' lang='grc' dir='ltr'><strong><em>τὴν</em></strong></span> <span class='ocrx_word' id='word_1_9' title='bbox 1128 267 1301 338; x_wconf 82' lang='grc' dir='ltr'><strong><em>ἀρχὴν</em></strong></span> <span class='ocrx_word' id='word_1_10' title='bbox 1338 267 1433 321; x_wconf 86' lang='grc' dir='ltr'><strong><em>ὑπ’</em></strong></span> <span class='ocrx_word' id='word_1_11' title='bbox 1477 268 1649 322; x_wconf 88' lang='grc' dir='ltr'><strong><em>αὐτοῦ</em></strong></span> <span class='ocrx_word' id='word_1_12' title='bbox 1689 286 1820 339; x_wconf 92' lang='grc' dir='ltr'><strong><em>προ-</em></strong></span> 
     </span>
     <span class='ocr_line' id='line_1_3' title="bbox 131 357 1819 428; baseline 0 -17"><span class='ocrx_word' id='word_1_13' title='bbox 131 357 565 412; x_wconf 88' lang='grc' dir='ltr'><strong><em>κατεσκευάσθαι</em></strong></span> <span class='ocrx_word' id='word_1_14' title='bbox 603 357 1231 427; x_wconf 78' lang='grc' dir='ltr'><strong><em>προκαταλαμβάνοντας</em></strong></span> <span class='ocrx_word' id='word_1_15' title='bbox 1261 358 1327 410; x_wconf 78' lang='grc' dir='ltr'><strong><em>τὰ</em></strong></span> <span class='ocrx_word' id='word_1_16' title='bbox 1359 358 1698 428; x_wconf 85' lang='grc' dir='ltr'><strong><em>δικαστήρια,</em></strong></span> <span class='ocrx_word' id='word_1_17' title='bbox 1729 357 1819 411; x_wconf 85' lang='grc' dir='ltr'><strong><em>καὶ</em></strong></span> 
     </span>
     <span class='ocr_line' id='line_1_4' title="bbox 132 446 1819 518; baseline 0 -18"><span class='ocrx_word' id='word_1_18' title='bbox 132 450 259 510; x_wconf 90' lang='grc' dir='ltr'><strong><em>τοὺς</em></strong></span> <span class='ocrx_word' id='word_1_19' title='bbox 307 447 588 518; x_wconf 88' lang='grc' dir='ltr'><strong><em>μάρτυρας</em></strong></span> <span class='ocrx_word' id='word_1_20' title='bbox 642 446 888 515; x_wconf 82' lang='grc' dir='ltr'><strong><em>ὠνητοὺς</em></strong></span> <span class='ocrx_word' id='word_1_21' title='bbox 941 448 1199 514; x_wconf 83' lang='grc' dir='ltr'><strong><em>παρεῖναί</em></strong></span> <span class='ocrx_word' id='word_1_22' title='bbox 1251 461 1387 515; x_wconf 92' lang='grc' dir='ltr'><strong><em>φασι</em></strong></span> <span class='ocrx_word' id='word_1_23' title='bbox 1441 446 1531 500; x_wconf 89' lang='grc' dir='ltr'><strong><em>καὶ</em></strong></span> <span class='ocrx_word' id='word_1_24' title='bbox 1578 456 1689 501; x_wconf 81' lang='grc' dir='ltr'><strong><em>τῶν</em></strong></span> <span class='ocrx_word' id='word_1_25' title='bbox 1740 448 1819 500; x_wconf 92' lang='grc' dir='ltr'><strong><em>δι-</em></strong></span> 
     </span>
     <span class='ocr_line' id='line_1_5' title="bbox 131 534 1821 604; baseline 0.001 -15"><span class='ocrx_word' id='word_1_26' title='bbox 131 546 348 589; x_wconf 84' lang='grc' dir='ltr'><strong><em>καστῶν</em></strong></span> <span class='ocrx_word' id='word_1_27' title='bbox 387 555 539 598; x_wconf 89' lang='grc' dir='ltr'><strong><em>τινας</em></strong></span> <span class='ocrx_word' id='word_1_28' title='bbox 580 536 929 604; x_wconf 76' lang='grc' dir='ltr'><strong><em>δεκάζεσθαι,</em></strong></span> <span class='ocrx_word' id='word_1_29' title='bbox 975 534 1066 589; x_wconf 85' lang='grc' dir='ltr'><strong><em>καὶ</em></strong></span> <span class='ocrx_word' id='word_1_30' title='bbox 1106 534 1276 589; x_wconf 87' lang='grc' dir='ltr'><strong><em>πάνθ’</em></strong></span> <span class='ocrx_word' id='word_1_31' title='bbox 1325 537 1425 590; x_wconf 84' lang='grc' dir='ltr'><strong><em>ὅσα</em></strong></span> <span class='ocrx_word' id='word_1_32' title='bbox 1464 544 1705 589; x_wconf 88' lang='grc' dir='ltr'><strong><em>τοιαῦτα.</em></strong></span> <span class='ocrx_word' id='word_1_33' title='bbox 1755 537 1821 590; x_wconf 86' lang='grc' dir='ltr'><strong><em>οὐ</em></strong></span> 
     </span>
     <span class='ocr_line' id='line_1_6' title="bbox 131 609 1814 694; baseline 0.001 -16"><span class='ocrx_word' id='word_1_34' title='bbox 131 626 234 694; x_wconf 82' lang='grc' dir='ltr'><strong><em>γὰρ</em></strong></span> <span class='ocrx_word' id='word_1_35' title='bbox 286 624 407 689; x_wconf 78' lang='grc' dir='ltr'><strong><em>ἄξια</em></strong></span> <span class='ocrx_word' id='word_1_36' title='bbox 458 625 708 678; x_wconf 88' lang='grc' dir='ltr'><strong><em>θανάτου</em></strong></span> <span class='ocrx_word' id='word_1_37' title='bbox 750 625 1040 694; x_wconf 78' lang='grc' dir='ltr'><strong><em>δειχθῆναι</em></strong></span> <span class='ocrx_word' id='word_1_38' title='bbox 1079 627 1413 694; x_wconf 81' lang='grc' dir='ltr'><strong><em>πεποιηκότα</em></strong></span> <span class='ocrx_word' id='word_1_39' title='bbox 1452 625 1646 694; x_wconf 89' lang='grc' dir='ltr'><strong><em>αὐτόν,</em></strong></span> <span class='ocrx_word' id='word_1_40' title='bbox 1697 609 1814 679; x_wconf 75' lang='grc' dir='ltr'><strong><em>ἀλλ’</em></strong></span> 
     </span>
     <span class='ocr_line' id='line_1_7' title="bbox 132 711 1821 783; baseline 0.001 -17"><span class='ocrx_word' id='word_1_41' title='bbox 132 715 293 767; x_wconf 82' lang='grc' dir='ltr'><strong><em>ἱκανὰ</em></strong></span> <span class='ocrx_word' id='word_1_42' title='bbox 330 715 403 783; x_wconf 83' lang='grc' dir='ltr'><strong><em>μὴ</em></strong></span> <span class='ocrx_word' id='word_1_43' title='bbox 442 724 630 783; x_wconf 79' lang='grc' dir='ltr'><strong><em>τυχεῖν</em></strong></span> <span class='ocrx_word' id='word_1_44' title='bbox 670 715 894 783; x_wconf 78' lang='grc' dir='ltr'><strong><em>δωρεᾶς.</em></strong></span> <span class='ocrx_word' id='word_1_45' title='bbox 957 714 1044 767; x_wconf 80' lang='grc'><strong><em>27.</em></strong></span> <span class='ocrx_word' id='word_1_46' title='bbox 1083 715 1198 767; x_wconf 85' lang='grc' dir='ltr'><strong><em>κατ’</em></strong></span> <span class='ocrx_word' id='word_1_47' title='bbox 1246 713 1380 783; x_wconf 83' lang='grc' dir='ltr'><strong><em>ἐμοῦ</em></strong></span> <span class='ocrx_word' id='word_1_48' title='bbox 1424 711 1485 768; x_wconf 75' lang='grc' dir='ltr'><strong><em>δὲ</em></strong></span> <span class='ocrx_word' id='word_1_49' title='bbox 1526 713 1642 768; x_wconf 80' lang='grc' dir='ltr'><strong><em>οὔτ’</em></strong></span> <span class='ocrx_word' id='word_1_50' title='bbox 1689 716 1821 768; x_wconf 81' lang='grc' dir='ltr'><strong><em>ἄλλο</em></strong></span> 
     </span>
     <span class='ocr_line' id='line_1_8' title="bbox 130 800 1823 873; baseline 0.001 -17"><span class='ocrx_word' id='word_1_51' title='bbox 130 823 182 856; x_wconf 91' lang='grc' dir='ltr'><strong><em>τι</em></strong></span> <span class='ocrx_word' id='word_1_52' title='bbox 220 813 332 856; x_wconf 86' lang='grc' dir='ltr'><strong><em>τῶν</em></strong></span> <span class='ocrx_word' id='word_1_53' title='bbox 371 804 443 872; x_wconf 87' lang='grc' dir='ltr'><strong><em>μὴ</em></strong></span> <span class='ocrx_word' id='word_1_54' title='bbox 483 807 667 856; x_wconf 83' lang='grc' dir='ltr'><strong><em>καλῶν</em></strong></span> <span class='ocrx_word' id='word_1_55' title='bbox 707 805 834 857; x_wconf 80' lang='grc' dir='ltr'><strong><em>οὔτε</em></strong></span> <span class='ocrx_word' id='word_1_56' title='bbox 872 803 1087 856; x_wconf 85' lang='grc' dir='ltr'><strong><em>τούτων</em></strong></span> <span class='ocrx_word' id='word_1_57' title='bbox 1134 800 1299 857; x_wconf 76' lang='grc' dir='ltr'><strong><em>οὐδὲν</em></strong></span> <span class='ocrx_word' id='word_1_58' title='bbox 1347 805 1415 856; x_wconf 76' lang='grc' dir='ltr'><strong><em>ἄν</em></strong></span> <span class='ocrx_word' id='word_1_59' title='bbox 1463 824 1545 867; x_wconf 90' lang='grc' dir='ltr'><strong><em>τις</em></strong></span> <span class='ocrx_word' id='word_1_60' title='bbox 1584 802 1698 873; x_wconf 82' lang='grc' dir='ltr'><strong><em>ἔχοι</em></strong></span> <span class='ocrx_word' id='word_1_61' title='bbox 1739 803 1823 857; x_wconf 89' lang='grc' dir='ltr'><strong><em>λε’-</em></strong></span> 
     </span>
     <span class='ocr_line' id='line_1_9' title="bbox 130 890 1824 962; baseline 0.001 -16"><span class='ocrx_word' id='word_1_62' title='bbox 130 912 249 960; x_wconf 88' lang='grc' dir='ltr'><strong><em>γειν</em></strong></span> <span class='ocrx_word' id='word_1_63' title='bbox 313 890 440 945; x_wconf 80' lang='grc' dir='ltr'><strong><em>οὔθ’</em></strong></span> <span class='ocrx_word' id='word_1_64' title='bbox 505 893 578 955; x_wconf 85' lang='grc' dir='ltr'><strong><em>ὡς</em></strong></span> <span class='ocrx_word' id='word_1_65' title='bbox 632 891 875 957; x_wconf 81' lang='grc' dir='ltr'><strong><em>ἐξαπατῶ</em></strong></span> <span class='ocrx_word' id='word_1_66' title='bbox 931 894 1060 956; x_wconf 86' lang='grc' dir='ltr'><strong><em>τοὺς</em></strong></span> <span class='ocrx_word' id='word_1_67' title='bbox 1115 893 1398 961; x_wconf 88' lang='grc' dir='ltr'><strong><em>δικαστάς,</em></strong></span> <span class='ocrx_word' id='word_1_68' title='bbox 1466 893 1594 962; x_wconf 82' lang='grc' dir='ltr'><strong><em>ὅσγε</em></strong></span> <span class='ocrx_word' id='word_1_69' title='bbox 1650 904 1824 962; x_wconf 85' lang='grc' dir='ltr'><strong><em>σιγῶν</em></strong></span> 
     </span>
     <span class='ocr_line' id='line_1_10' title="bbox 129 980 1823 1052; baseline 0.001 -18"><span class='ocrx_word' id='word_1_70' title='bbox 129 981 366 1051; x_wconf 87' lang='grc' dir='ltr'><strong><em>πράττω,</em></strong></span> <span class='ocrx_word' id='word_1_71' title='bbox 406 980 536 1034; x_wconf 82' lang='grc' dir='ltr'><strong><em>οὔθ’</em></strong></span> <span class='ocrx_word' id='word_1_72' title='bbox 584 982 656 1044; x_wconf 85' lang='grc' dir='ltr'><strong><em>ὡς</em></strong></span> <span class='ocrx_word' id='word_1_73' title='bbox 697 982 945 1051; x_wconf 85' lang='grc' dir='ltr'><strong><em>ὠνοῦμαι</em></strong></span> <span class='ocrx_word' id='word_1_74' title='bbox 977 983 1108 1044; x_wconf 89' lang='grc' dir='ltr'><strong><em>τοὺς</em></strong></span> <span class='ocrx_word' id='word_1_75' title='bbox 1138 982 1211 1051; x_wconf 88' lang='grc' dir='ltr'><strong><em>μὴ</em></strong></span> <span class='ocrx_word' id='word_1_76' title='bbox 1242 985 1734 1052; x_wconf 84' lang='grc' dir='ltr'><strong><em>κατηγορήσοντας.</em></strong></span> <span class='ocrx_word' id='word_1_77' title='bbox 1775 985 1823 1036; x_wconf 83' lang='grc' dir='ltr'><strong><em>εἰ</em></strong></span> 
     </span>
     <span class='ocr_line' id='line_1_11' title="bbox 129 1068 1823 1144; baseline 0.001 -20"><span class='ocrx_word' id='word_1_78' title='bbox 129 1068 231 1140; x_wconf 76' lang='grc' dir='ltr'><strong><em>μὲν</em></strong></span> <span class='ocrx_word' id='word_1_79' title='bbox 270 1072 374 1140; x_wconf 82' lang='grc' dir='ltr'><strong><em>γὰρ</em></strong></span> <span class='ocrx_word' id='word_1_80' title='bbox 416 1068 502 1140; x_wconf 78' lang='grc' dir='ltr'><strong><em>ἦν,</em></strong></span> <span class='ocrx_word' id='word_1_81' title='bbox 543 1072 725 1138; x_wconf 80' lang='grc' dir='ltr'><strong><em>ὥσπερ</em></strong></span> <span class='ocrx_word' id='word_1_82' title='bbox 777 1071 837 1124; x_wconf 81' lang='grc' dir='ltr'><strong><em>ἐν</em></strong></span> <span class='ocrx_word' id='word_1_83' title='bbox 884 1075 1184 1144; x_wconf 75' lang='grc' dir='ltr'><strong><em>συμμορία,</em></strong></span> <span class='ocrx_word' id='word_1_84' title='bbox 1231 1071 1393 1142; x_wconf 78' lang='grc' dir='ltr'><strong><em>ῥητὸς</em></strong></span> <span class='ocrx_word' id='word_1_85' title='bbox 1432 1071 1670 1142; x_wconf 79' lang='grc' dir='ltr'><strong><em>ἀριθμὸς</em></strong></span> <span class='ocrx_word' id='word_1_86' title='bbox 1708 1081 1823 1135; x_wconf 88' lang='grc' dir='ltr'><strong><em>τοῖς</em></strong></span> 
     </span>
     <span class='ocr_line' id='line_1_12' title="bbox 128 1159 1824 1231; baseline 0.001 -18"><span class='ocrx_word' id='word_1_87' title='bbox 128 1169 457 1229; x_wconf 78' lang='grc' dir='ltr'><strong><em>κατηγορεῖν</em></strong></span> <span class='ocrx_word' id='word_1_88' title='bbox 496 1159 860 1231; x_wconf 80' lang='grc' dir='ltr'><strong><em>ἐγχειροῦσιν,</em></strong></span> <span class='ocrx_word' id='word_1_89' title='bbox 901 1160 1033 1229; x_wconf 83' lang='grc' dir='ltr'><strong><em>ἐνῆν</em></strong></span> <span class='ocrx_word' id='word_1_90' title='bbox 1070 1160 1212 1230; x_wconf 79' lang='grc' dir='ltr'><strong><em>&lt;ἂν&gt;</em></strong></span> <span class='ocrx_word' id='word_1_91' title='bbox 1250 1161 1555 1231; x_wconf 90' lang='grc' dir='ltr'><strong><em>πριάμενον</em></strong></span> <span class='ocrx_word' id='word_1_92' title='bbox 1593 1162 1824 1225; x_wconf 78' lang='grc' dir='ltr'><strong><em>τούτους</em></strong></span> 
     </span>
     <span class='ocr_line' id='line_1_13' title="bbox 130 1246 1823 1320; baseline 0.002 -18"><span class='ocrx_word' id='word_1_93' title='bbox 130 1248 343 1302; x_wconf 81' lang='grc' dir='ltr'><strong><em>ἀδικεῖν</em></strong></span> <span class='ocrx_word' id='word_1_94' title='bbox 382 1246 463 1303; x_wconf 82' lang='grc' dir='ltr'><strong><em>ἐπ’</em></strong></span> <span class='ocrx_word' id='word_1_95' title='bbox 510 1248 780 1314; x_wconf 80' lang='grc' dir='ltr'><strong><em>ἐξουσίας·</em></strong></span> <span class='ocrx_word' id='word_1_96' title='bbox 823 1252 870 1303; x_wconf 87' lang='grc' dir='ltr'><strong><em>εἰ</em></strong></span> <span class='ocrx_word' id='word_1_97' title='bbox 903 1250 964 1303; x_wconf 79' lang='grc' dir='ltr'><strong><em>δὲ</em></strong></span> <span class='ocrx_word' id='word_1_98' title='bbox 995 1258 1129 1303; x_wconf 81' lang='grc' dir='ltr'><strong><em>πᾶσι</em></strong></span> <span class='ocrx_word' id='word_1_99' title='bbox 1160 1251 1368 1314; x_wconf 81' lang='grc' dir='ltr'><strong><em>πάντας</em></strong></span> <span class='ocrx_word' id='word_1_100' title='bbox 1399 1248 1609 1316; x_wconf 77' lang='grc' dir='ltr'><strong><em>ἔξεστιν</em></strong></span> <span class='ocrx_word' id='word_1_101' title='bbox 1642 1253 1823 1320; x_wconf 83' lang='grc' dir='ltr'><strong><em>εἰσαγ-</em></strong></span> 
     </span>
     <span class='ocr_line' id='line_1_14' title="bbox 129 1338 1823 1410; baseline 0.002 -19"><span class='ocrx_word' id='word_1_102' title='bbox 129 1338 362 1407; x_wconf 84' lang='grc' dir='ltr'><strong><em>γέλλειν,</em></strong></span> <span class='ocrx_word' id='word_1_103' title='bbox 403 1339 736 1409; x_wconf 81' lang='grc' dir='ltr'><strong><em>γράφεσθαι,</em></strong></span> <span class='ocrx_word' id='word_1_104' title='bbox 778 1341 1018 1408; x_wconf 84' lang='grc' dir='ltr'><strong><em>φαίνειν,</em></strong></span> <span class='ocrx_word' id='word_1_105' title='bbox 1059 1340 1319 1408; x_wconf 82' lang='grc' dir='ltr'><strong><em>εἰσάγειν,</em></strong></span> <span class='ocrx_word' id='word_1_106' title='bbox 1361 1339 1427 1393; x_wconf 82' lang='grc' dir='ltr'><strong><em>οὐ</em></strong></span> <span class='ocrx_word' id='word_1_107' title='bbox 1468 1341 1648 1410; x_wconf 84' lang='grc' dir='ltr'><strong><em>δήπου</em></strong></span> <span class='ocrx_word' id='word_1_108' title='bbox 1688 1342 1823 1394; x_wconf 90' lang='grc' dir='ltr'><strong><em>πάν-</em></strong></span> 
     </span>
     <span class='ocr_line' id='line_1_15' title="bbox 129 1426 1823 1498; baseline 0.002 -18"><span class='ocrx_word' id='word_1_109' title='bbox 129 1447 225 1490; x_wconf 86' lang='grc' dir='ltr'><strong><em>τας</em></strong></span> <span class='ocrx_word' id='word_1_110' title='bbox 280 1426 606 1497; x_wconf 82' lang='grc' dir='ltr'><strong><em>ἐωνησάμην</em></strong></span> <span class='ocrx_word' id='word_1_111' title='bbox 658 1426 995 1497; x_wconf 76' lang='grc' dir='ltr'><strong><em>Ἀθηναίους.</em></strong></span> <span class='ocrx_word' id='word_1_112' title='bbox 1059 1427 1298 1491; x_wconf 81' lang='grc' dir='ltr'><strong><em>ὁπόσους</em></strong></span> <span class='ocrx_word' id='word_1_113' title='bbox 1350 1430 1456 1498; x_wconf 80' lang='grc' dir='ltr'><strong><em>γὰρ</em></strong></span> <span class='ocrx_word' id='word_1_114' title='bbox 1511 1428 1581 1482; x_wconf 76' lang='grc' dir='ltr'><strong><em>ἂν</em></strong></span> <span class='ocrx_word' id='word_1_115' title='bbox 1636 1431 1823 1484; x_wconf 84' lang='grc' dir='ltr'><strong><em>ἔπεισα</em></strong></span> 
     </span>
     <span class='ocr_line' id='line_1_16' title="bbox 128 1517 1821 1589; baseline 0.002 -20"><span class='ocrx_word' id='word_1_116' title='bbox 128 1518 230 1585; x_wconf 88' lang='grc' dir='ltr'><strong><em>τὴν</em></strong></span> <span class='ocrx_word' id='word_1_117' title='bbox 268 1517 504 1586; x_wconf 80' lang='grc' dir='ltr'><strong><em>ἡσυχίαν</em></strong></span> <span class='ocrx_word' id='word_1_118' title='bbox 550 1518 730 1585; x_wconf 81' lang='grc' dir='ltr'><strong><em>ἄγειν,</em></strong></span> <span class='ocrx_word' id='word_1_119' title='bbox 781 1519 1006 1581; x_wconf 87' lang='grc' dir='ltr'><strong><em>πλείους</em></strong></span> <span class='ocrx_word' id='word_1_120' title='bbox 1052 1517 1401 1572; x_wconf 87' lang='grc' dir='ltr'><strong><em>ὑπελείποντ’</em></strong></span> <span class='ocrx_word' id='word_1_121' title='bbox 1445 1517 1515 1571; x_wconf 76' lang='grc' dir='ltr'><strong><em>ἂν</em></strong></span> <span class='ocrx_word' id='word_1_122' title='bbox 1561 1520 1611 1572; x_wconf 78' lang='grc' dir='ltr'><strong><em>οἱ</em></strong></span> <span class='ocrx_word' id='word_1_123' title='bbox 1661 1539 1821 1589; x_wconf 91' lang='grc' dir='ltr'><strong><em>κατη-</em></strong></span> 
     </span>
     <span class='ocr_line' id='line_1_17' title="bbox 129 1603 1825 1677; baseline 0.001 -18"><span class='ocrx_word' id='word_1_124' title='bbox 129 1607 473 1674; x_wconf 77' lang='grc' dir='ltr'><strong><em>γορήσοντες.</em></strong></span> <span class='ocrx_word' id='word_1_125' title='bbox 528 1604 619 1659; x_wconf 85' lang='grc' dir='ltr'><strong><em>καὶ</em></strong></span> <span class='ocrx_word' id='word_1_126' title='bbox 671 1608 719 1659; x_wconf 86' lang='grc' dir='ltr'><strong><em>εἰ</em></strong></span> <span class='ocrx_word' id='word_1_127' title='bbox 773 1603 874 1676; x_wconf 72' lang='grc' dir='ltr'><strong><em>μὲν</em></strong></span> <span class='ocrx_word' id='word_1_128' title='bbox 925 1607 1272 1676; x_wconf 85' lang='grc' dir='ltr'><strong><em>γραψάμενοί</em></strong></span> <span class='ocrx_word' id='word_1_129' title='bbox 1321 1606 1391 1677; x_wconf 90' lang='grc' dir='ltr'><strong><em>με’</em></strong></span> <span class='ocrx_word' id='word_1_130' title='bbox 1441 1627 1585 1671; x_wconf 88' lang='grc' dir='ltr'><strong><em>τινες</em></strong></span> <span class='ocrx_word' id='word_1_131' title='bbox 1633 1613 1825 1662; x_wconf 78' lang='grc' dir='ltr'><strong><em>εἴασαν</em></strong></span> 
     </span>
     <span class='ocr_line' id='line_1_18' title="bbox 129 1695 1823 1766; baseline 0.002 -19"><span class='ocrx_word' id='word_1_132' title='bbox 129 1697 551 1764; x_wconf 81' lang='grc' dir='ltr'><strong><em>καταβαλόντες,</em></strong></span> <span class='ocrx_word' id='word_1_133' title='bbox 605 1703 788 1765; x_wconf 78' lang='grc' dir='ltr'><strong><em>παρῆν</em></strong></span> <span class='ocrx_word' id='word_1_134' title='bbox 842 1695 912 1749; x_wconf 80' lang='grc' dir='ltr'><strong><em>ἂν</em></strong></span> <span class='ocrx_word' id='word_1_135' title='bbox 974 1695 1277 1749; x_wconf 81' lang='grc' dir='ltr'><strong><em>ὑπιδέσθαι</em></strong></span> <span class='ocrx_word' id='word_1_136' title='bbox 1331 1705 1448 1760; x_wconf 90' lang='grc' dir='ltr'><strong><em>τοῖς</em></strong></span> <span class='ocrx_word' id='word_1_137' title='bbox 1500 1699 1823 1766; x_wconf 85' lang='grc' dir='ltr'><strong><em>κακοήθεσι·</em></strong></span> 
     </span>
     <span class='ocr_line' id='line_1_19' title="bbox 130 1782 1824 1853; baseline 0.002 -16"><span class='ocrx_word' id='word_1_138' title='bbox 130 1785 550 1853; x_wconf 82' lang='grc' dir='ltr'><strong><em>διελύσαντο,</em></strong></span> <span class='ocrx_word' id='word_1_139' title='bbox 592 1783 934 1853; x_wconf 82' lang='grc' dir='ltr'><strong><em>ἀπέδοντο,</em></strong></span> <span class='ocrx_word' id='word_1_140' title='bbox 974 1792 1080 1838; x_wconf 91' lang='grc' dir='ltr'><strong><em>νῦν</em></strong></span> <span class='ocrx_word' id='word_1_141' title='bbox 1115 1782 1176 1838; x_wconf 72' lang='grc' dir='ltr'><strong><em>δὲ</em></strong></span> <span class='ocrx_word' id='word_1_142' title='bbox 1207 1794 1322 1848; x_wconf 84' lang='grc' dir='ltr'><strong><em>πῶς</em></strong></span> <span class='ocrx_word' id='word_1_143' title='bbox 1360 1784 1429 1838; x_wconf 74' lang='grc' dir='ltr'><strong><em>ἂν</em></strong></span> <span class='ocrx_word' id='word_1_144' title='bbox 1468 1783 1657 1840; x_wconf 80' lang='grc' dir='ltr'><strong><em>ἔπεισα</em></strong></span> <span class='ocrx_word' id='word_1_145' title='bbox 1695 1789 1824 1851; x_wconf 88' lang='grc' dir='ltr'><strong><em>τοὺς</em></strong></span> 
     </span>
     <span class='ocr_line' id='line_1_20' title="bbox 130 1872 540 1943; baseline 0.002 -18"><span class='ocrx_word' id='word_1_146' title='bbox 130 1874 202 1942; x_wconf 85' lang='grc' dir='ltr'><strong><em>μὴ</em></strong></span> <span class='ocrx_word' id='word_1_147' title='bbox 243 1872 540 1943; x_wconf 84' lang='grc' dir='ltr'><strong><em>φανε’ντας;</em></strong></span> 
     </span>
    </p>

    <p class='ocr_par' dir='ltr' id='par_1_3' title="bbox 130 1957 1824 2301">
     <span class='ocr_line' id='line_1_21' title="bbox 242 1957 1822 2036; baseline 0.003 -22"><span class='ocrx_word' id='word_1_148' title='bbox 242 1962 329 2015; x_wconf 80' lang='grc'><strong><em>28.</em></strong></span> <span class='ocrx_word' id='word_1_149' title='bbox 377 1962 488 2015; x_wconf 81' lang='grc' dir='ltr'><strong><em>Καὶ</em></strong></span> <span class='ocrx_word' id='word_1_150' title='bbox 536 1964 588 2015; x_wconf 85' lang='grc' dir='ltr'><strong><em>εί</em></strong></span> <span class='ocrx_word' id='word_1_151' title='bbox 630 1960 731 2030; x_wconf 75' lang='grc' dir='ltr'><strong><em>μὲν</em></strong></span> <span class='ocrx_word' id='word_1_152' title='bbox 778 1966 1094 2031; x_wconf 85' lang='grc' dir='ltr'><strong><em>φιλαιτίους</em></strong></span> <span class='ocrx_word' id='word_1_153' title='bbox 1141 1957 1281 2017; x_wconf 87' lang='grc' dir='ltr'><strong><em>εἶναι</em></strong></span> <span class='ocrx_word' id='word_1_154' title='bbox 1331 1962 1439 2033; x_wconf 77' lang='grc' dir='ltr'><strong><em>φῂς</em></strong></span> <span class='ocrx_word' id='word_1_155' title='bbox 1484 1966 1613 2028; x_wconf 86' lang='grc' dir='ltr'><strong><em>τοὺς</em></strong></span> <span class='ocrx_word' id='word_1_156' title='bbox 1658 1963 1720 2018; x_wconf 84' lang='grc' dir='ltr'><strong><em>ἐν</em></strong></span> <span class='ocrx_word' id='word_1_157' title='bbox 1757 1973 1822 2036; x_wconf 77' lang='grc' dir='ltr'><strong><em>τῇ</em></strong></span> 
     </span>
     <span class='ocr_line' id='line_1_22' title="bbox 131 2052 1824 2122; baseline 0.002 -18"><span class='ocrx_word' id='word_1_158' title='bbox 131 2053 285 2104; x_wconf 91' lang='grc' dir='ltr'><strong><em>πόλει</em></strong></span> <span class='ocrx_word' id='word_1_159' title='bbox 326 2052 416 2104; x_wconf 82' lang='grc' dir='ltr'><strong><em>καὶ</em></strong></span> <span class='ocrx_word' id='word_1_160' title='bbox 457 2052 549 2104; x_wconf 83' lang='grc' dir='ltr'><strong><em>διὰ</em></strong></span> <span class='ocrx_word' id='word_1_161' title='bbox 595 2058 758 2104; x_wconf 86' lang='grc' dir='ltr'><strong><em>τοῦτο</em></strong></span> <span class='ocrx_word' id='word_1_162' title='bbox 806 2055 1098 2119; x_wconf 86' lang='grc' dir='ltr'><strong><em>κεκρίσθαι</em></strong></span> <span class='ocrx_word' id='word_1_163' title='bbox 1137 2053 1427 2121; x_wconf 87' lang='grc' dir='ltr'><strong><em>πολλάκις,</em></strong></span> <span class='ocrx_word' id='word_1_164' title='bbox 1476 2057 1661 2122; x_wconf 81' lang='grc' dir='ltr'><strong><em>μεῖζον</em></strong></span> <span class='ocrx_word' id='word_1_165' title='bbox 1698 2054 1824 2107; x_wconf 88' lang='grc' dir='ltr'><strong><em>τού-</em></strong></span> 
     </span>
     <span class='ocr_line' id='line_1_23' title="bbox 130 2139 1824 2211; baseline 0.002 -18"><span class='ocrx_word' id='word_1_166' title='bbox 130 2141 235 2209; x_wconf 93' lang='grc' dir='ltr'><strong><em>μὸν</em></strong></span> <span class='ocrx_word' id='word_1_167' title='bbox 274 2141 446 2194; x_wconf 87' lang='grc' dir='ltr'><strong><em>καλὸν</em></strong></span> <span class='ocrx_word' id='word_1_168' title='bbox 484 2148 683 2208; x_wconf 90' lang='grc' dir='ltr'><strong><em>ποιεῖς,</em></strong></span> <span class='ocrx_word' id='word_1_169' title='bbox 732 2142 782 2192; x_wconf 86' lang='grc' dir='ltr'><strong><em>εί</em></strong></span> <span class='ocrx_word' id='word_1_170' title='bbox 818 2139 909 2194; x_wconf 84' lang='grc' dir='ltr'><strong><em>καὶ</em></strong></span> <span class='ocrx_word' id='word_1_171' title='bbox 949 2141 1095 2211; x_wconf 76' lang='grc' dir='ltr'><strong><em>παρὰ</em></strong></span> <span class='ocrx_word' id='word_1_172' title='bbox 1134 2142 1408 2204; x_wconf 88' lang='grc' dir='ltr'><strong><em>τοιούτοις</em></strong></span> <span class='ocrx_word' id='word_1_173' title='bbox 1447 2144 1632 2209; x_wconf 85' lang='grc' dir='ltr'><strong><em>ἔμεινα</em></strong></span> <span class='ocrx_word' id='word_1_174' title='bbox 1672 2142 1824 2196; x_wconf 84' lang='grc' dir='ltr'><strong><em>ἀναί-</em></strong></span> 
     </span>
     <span class='ocr_line' id='line_1_24' title="bbox 130 2226 1824 2301; baseline 0.003 -21"><span class='ocrx_word' id='word_1_175' title='bbox 130 2247 265 2292; x_wconf 91' lang='grc' dir='ltr'><strong><em>τιος·</em></strong></span> <span class='ocrx_word' id='word_1_176' title='bbox 323 2230 372 2282; x_wconf 87' lang='grc' dir='ltr'><strong><em>εἰ</em></strong></span> <span class='ocrx_word' id='word_1_177' title='bbox 421 2226 481 2281; x_wconf 74' lang='grc' dir='ltr'><strong><em>δὲ</em></strong></span> <span class='ocrx_word' id='word_1_178' title='bbox 528 2236 781 2299; x_wconf 83' lang='grc' dir='ltr'><strong><em>παρορᾶν</em></strong></span> <span class='ocrx_word' id='word_1_179' title='bbox 827 2231 958 2292; x_wconf 88' lang='grc' dir='ltr'><strong><em>τοὺς</em></strong></span> <span class='ocrx_word' id='word_1_180' title='bbox 1013 2229 1344 2292; x_wconf 80' lang='grc' dir='ltr'><strong><em>ἀδικοῦντάς</em></strong></span> <span class='ocrx_word' id='word_1_181' title='bbox 1398 2246 1487 2284; x_wconf 91' lang='grc' dir='ltr'><strong><em>σοι</em></strong></span> <span class='ocrx_word' id='word_1_182' title='bbox 1544 2232 1824 2301; x_wconf 88' lang='grc' dir='ltr'><strong><em>δοκοῦσιν,</em></strong></span> 
     </span>
    </p>
   </div>
   <div class='ocr_carea' id='block_1_3' title="bbox 253 2360 1823 2479">
    <p class='ocr_par' dir='ltr' id='par_1_4' title="bbox 253 2360 1823 2479">
     <span class='ocr_line' id='line_1_25' title="bbox 253 2360 1823 2419; baseline 0.001 -14"><span class='ocrx_word' id='word_1_183' title='bbox 253 2366 275 2405; x_wconf 96' lang='grc'>1</span> <span class='ocrx_word' id='word_1_184' title='bbox 305 2361 435 2404; x_wconf 86' lang='lat' dir='ltr'>Dem.</span> <span class='ocrx_word' id='word_1_185' title='bbox 454 2360 565 2404; x_wconf 85' lang='lat' dir='ltr'><strong>Mid.</strong></span> <span class='ocrx_word' id='word_1_186' title='bbox 590 2375 634 2416; x_wconf 89' lang='lat' dir='ltr'><strong><em>p.</em></strong></span> <span class='ocrx_word' id='word_1_187' title='bbox 662 2363 851 2414; x_wconf 81' lang='grc'><strong><em>526,28;</em></strong></span> <span class='ocrx_word' id='word_1_188' title='bbox 885 2365 1051 2416; x_wconf 84' lang='grc'>563,19</span> <span class='ocrx_word' id='word_1_189' title='bbox 1175 2366 1200 2404; x_wconf 99' lang='grc'><strong>2</strong></span> <span class='ocrx_word' id='word_1_190' title='bbox 1228 2362 1359 2406; x_wconf 84' lang='lat' dir='ltr'>Dem.</span> <span class='ocrx_word' id='word_1_191' title='bbox 1384 2361 1487 2406; x_wconf 81' lang='lat' dir='ltr'><strong>fals.</strong></span> <span class='ocrx_word' id='word_1_192' title='bbox 1513 2362 1603 2418; x_wconf 82' lang='lat' dir='ltr'><strong>leg.</strong></span> <span class='ocrx_word' id='word_1_193' title='bbox 1620 2378 1666 2419; x_wconf 91' lang='lat' dir='ltr'><strong><em>p.</em></strong></span> <span class='ocrx_word' id='word_1_194' title='bbox 1686 2367 1823 2415; x_wconf 79' lang='lat'>397,4</span> 
     </span>
     <span class='ocr_line' id='line_1_26' title="bbox 255 2420 1748 2479; baseline 0.001 -15"><span class='ocrx_word' id='word_1_195' title='bbox 255 2424 308 2464; x_wconf 94' lang='grc'><strong><em>10</em></strong></span> <span class='ocrx_word' id='word_1_196' title='bbox 341 2420 469 2464; x_wconf 76' lang='lat' dir='ltr'><strong>Dcm,</strong></span> <span class='ocrx_word' id='word_1_197' title='bbox 497 2434 659 2476; x_wconf 85' lang='lat' dir='ltr'><strong>symm.</strong></span> <span class='ocrx_word' id='word_1_198' title='bbox 683 2434 726 2476; x_wconf 89' lang='lat' dir='ltr'><strong><em>p.</em></strong></span> <span class='ocrx_word' id='word_1_199' title='bbox 756 2423 854 2475; x_wconf 83' lang='lat'>182,</span> <span class='ocrx_word' id='word_1_200' title='bbox 875 2425 928 2464; x_wconf 92' lang='grc'><strong><em>18</em></strong></span> <span class='ocrx_word' id='word_1_201' title='bbox 946 2435 1013 2476; x_wconf 87' lang='lat' dir='ltr'><strong><em>sq.</em></strong></span> <span class='ocrx_word' id='word_1_202' title='bbox 1138 2425 1191 2464; x_wconf 90' lang='grc'><strong><em>16</em></strong></span> <span class='ocrx_word' id='word_1_203' title='bbox 1223 2420 1354 2465; x_wconf 87' lang='lat' dir='ltr'><strong>Dem.</strong></span> <span class='ocrx_word' id='word_1_204' title='bbox 1381 2435 1471 2466; x_wconf 88' lang='lat' dir='ltr'><strong>cor.</strong></span> <span class='ocrx_word' id='word_1_205' title='bbox 1503 2437 1548 2479; x_wconf 90' lang='lat' dir='ltr'><strong><em>p.</em></strong></span> <span class='ocrx_word' id='word_1_206' title='bbox 1575 2426 1675 2477; x_wconf 84' lang='grc'><strong><em>260,</em></strong></span> <span class='ocrx_word' id='word_1_207' title='bbox 1693 2428 1748 2466; x_wconf 90' lang='grc'><strong><em>22</em></strong></span> 
     </span>
    </p>
   </div>
   <div class='ocr_carea' id='block_1_4' title="bbox 154 2499 490 2503">
    <p class='ocr_par' dir='ltr' id='par_1_5' title="bbox 154 2499 490 2503">
     <span class='ocr_line' id='line_1_27' title="bbox 154 2499 490 2503; baseline 0 0"><span class='ocrx_word' id='word_1_208' title='bbox 154 2499 490 2503; x_wconf 95' lang='lat' dir='ltr'><strong><em> </em></strong></span> 
     </span>
    </p>
   </div>
   <div class='ocr_carea' id='block_1_5' title="bbox 134 2537 1824 2952">
    <p class='ocr_par' dir='ltr' id='par_1_6' title="bbox 134 2537 1824 2952">
     <span class='ocr_line' id='line_1_28' title="bbox 254 2537 1824 2596; baseline 0.001 -14"><span class='ocrx_word' id='word_1_209' title='bbox 254 2544 276 2582; x_wconf 96' lang='grc'>1</span> <span class='ocrx_word' id='word_1_210' title='bbox 322 2537 652 2594; x_wconf 79' lang='grc' dir='ltr'><strong><em>καθυφιέμενα</em></strong></span> <span class='ocrx_word' id='word_1_211' title='bbox 693 2538 858 2595; x_wconf 81' lang='lat' dir='ltr'><strong>scripsi</strong></span> <span class='ocrx_word' id='word_1_212' title='bbox 935 2538 1263 2596; x_wconf 80' lang='grc' dir='ltr'><strong><em>καθυφειμένα</em></strong></span> <span class='ocrx_word' id='word_1_213' title='bbox 1298 2540 1434 2584; x_wconf 86' lang='grc' dir='ltr'><strong><em>ΜαΡ</em></strong></span> <span class='ocrx_word' id='word_1_214' title='bbox 1520 2538 1824 2596; x_wconf 82' lang='grc' dir='ltr'><strong><em>καθυφέσιμα</em></strong></span> 
     </span>
     <span class='ocr_line' id='line_1_29' title="bbox 134 2595 1712 2656; baseline 0.001 -15"><span class='ocrx_word' id='word_1_215' title='bbox 134 2597 244 2641; x_wconf 87' lang='lat' dir='ltr'><strong>olim</strong></span> <span class='ocrx_word' id='word_1_216' title='bbox 271 2598 447 2642; x_wconf 88' lang='lat' dir='ltr'><strong>conieci</strong></span> <span class='ocrx_word' id='word_1_217' title='bbox 476 2601 481 2653; x_wconf 75' lang='grc' dir='ltr'>ι</span> <span class='ocrx_word' id='word_1_218' title='bbox 510 2595 590 2641; x_wconf 80' lang='grc' dir='ltr'><strong><em>ὑπ’</em></strong></span> <span class='ocrx_word' id='word_1_219' title='bbox 614 2597 757 2641; x_wconf 84' lang='grc' dir='ltr'><strong><em>αὐτοῦ</em></strong></span> <span class='ocrx_word' id='word_1_220' title='bbox 782 2598 946 2654; x_wconf 82' lang='lat' dir='ltr'><strong>scripsi</strong></span> <span class='ocrx_word' id='word_1_221' title='bbox 1006 2599 1101 2643; x_wconf 80' lang='grc' dir='ltr'><strong><em>ἀπὸ</em></strong></span> <span class='ocrx_word' id='word_1_222' title='bbox 1126 2606 1207 2643; x_wconf 84' lang='grc' dir='ltr'><strong><em>τοῦ</em></strong></span> <span class='ocrx_word' id='word_1_223' title='bbox 1228 2600 1364 2643; x_wconf 88' lang='grc' dir='ltr'><strong><em>ΜαΡ</em></strong></span> <span class='ocrx_word' id='word_1_224' title='bbox 1482 2604 1507 2643; x_wconf 86' lang='lat'><strong>3</strong></span> <span class='ocrx_word' id='word_1_225' title='bbox 1533 2598 1649 2656; x_wconf 86' lang='grc' dir='ltr'><strong><em>φησί</em></strong></span> <span class='ocrx_word' id='word_1_226' title='bbox 1666 2601 1712 2644; x_wconf 89' lang='lat' dir='ltr'><strong><em>P</em></strong></span> 
     </span>
     <span class='ocr_line' id='line_1_30' title="bbox 134 2655 1824 2717; baseline 0.001 -17"><span class='ocrx_word' id='word_1_227' title='bbox 134 2662 160 2700; x_wconf 87' lang='lat'>4</span> <span class='ocrx_word' id='word_1_228' title='bbox 193 2656 467 2710; x_wconf 79' lang='grc' dir='ltr'><strong><em>δικάζεσθαι</em></strong></span> <span class='ocrx_word' id='word_1_229' title='bbox 492 2658 538 2701; x_wconf 90' lang='grc' dir='ltr'><strong><em>Ρ</em></strong></span> <span class='ocrx_word' id='word_1_230' title='bbox 656 2660 680 2699; x_wconf 88' lang='grc'><strong>6</strong></span> <span class='ocrx_word' id='word_1_231' title='bbox 707 2656 848 2701; x_wconf 80' lang='grc' dir='ltr'><strong><em>ἱκανὰ</em></strong></span> <span class='ocrx_word' id='word_1_232' title='bbox 873 2655 967 2708; x_wconf 86' lang='grc' dir='ltr'><strong><em>(οἶα</em></strong></span> <span class='ocrx_word' id='word_1_233' title='bbox 993 2657 1127 2714; x_wconf 82' lang='lat' dir='ltr'><strong>olim)</strong></span> <span class='ocrx_word' id='word_1_234' title='bbox 1148 2658 1314 2714; x_wconf 87' lang='lat' dir='ltr'><strong>scripsi</strong></span> <span class='ocrx_word' id='word_1_235' title='bbox 1375 2657 1455 2702; x_wconf 75' lang='grc' dir='ltr'><strong><em>ἵνα</em></strong></span> <span class='ocrx_word' id='word_1_236' title='bbox 1474 2659 1611 2702; x_wconf 88' lang='grc' dir='ltr'><strong><em>ΜαΡ</em></strong></span> <span class='ocrx_word' id='word_1_237' title='bbox 1635 2663 1639 2715; x_wconf 91' lang='grc' dir='ltr'>Ι</span> <span class='ocrx_word' id='word_1_238' title='bbox 1667 2666 1824 2717; x_wconf 86' lang='grc' dir='ltr'><strong><em>τυχεῖν</em></strong></span> 
     </span>
     <span class='ocr_line' id='line_1_31' title="bbox 134 2715 1696 2790; baseline 0.001 -31"><span class='ocrx_word' id='word_1_239' title='bbox 134 2716 296 2790; x_wconf 79' lang='lat' dir='ltr'><strong>scripsi</strong></span> <span class='ocrx_word' id='word_1_240' title='bbox 365 2716 476 2773; x_wconf 86' lang='grc' dir='ltr'><strong><em>τύχη</em></strong></span> <span class='ocrx_word' id='word_1_241' title='bbox 506 2716 640 2760; x_wconf 82' lang='grc' dir='ltr'><strong><em>ΜαΡ</em></strong></span> <span class='ocrx_word' id='word_1_242' title='bbox 772 2720 798 2759; x_wconf 92' lang='lat'>8</span> <span class='ocrx_word' id='word_1_243' title='bbox 832 2715 909 2772; x_wconf 81' lang='grc' dir='ltr'><strong><em>ὅγε</em></strong></span> <span class='ocrx_word' id='word_1_244' title='bbox 937 2718 1025 2761; x_wconf 87' lang='grc' dir='ltr'><strong><em>Μα</em></strong></span> <span class='ocrx_word' id='word_1_245' title='bbox 1161 2722 1185 2760; x_wconf 89' lang='lat'>9</span> <span class='ocrx_word' id='word_1_246' title='bbox 1219 2716 1627 2774; x_wconf 80' lang='grc' dir='ltr'><strong><em>κατηγορήσαντας</em></strong></span> <span class='ocrx_word' id='word_1_247' title='bbox 1650 2719 1696 2761; x_wconf 92' lang='grc' dir='ltr'><em>Ρ</em></span> 
     </span>
     <span class='ocr_line' id='line_1_32' title="bbox 137 2771 1710 2831; baseline 0.002 -13"><span class='ocrx_word' id='word_1_248' title='bbox 137 2779 191 2818; x_wconf 90' lang='grc'><strong><em>10</em></strong></span> <span class='ocrx_word' id='word_1_249' title='bbox 220 2775 356 2831; x_wconf 86' lang='grc' dir='ltr'><strong><em>ρητὸς</em></strong></span> <span class='ocrx_word' id='word_1_250' title='bbox 380 2774 545 2831; x_wconf 87' lang='lat' dir='ltr'><strong>scripsi</strong></span> <span class='ocrx_word' id='word_1_251' title='bbox 608 2771 800 2829; x_wconf 69' lang='grc' dir='ltr'><strong><em>ῥήτορος</em></strong></span> <span class='ocrx_word' id='word_1_252' title='bbox 818 2777 953 2820; x_wconf 86' lang='grc' dir='ltr'><strong><em>ΜαΡ</em></strong></span> <span class='ocrx_word' id='word_1_253' title='bbox 1073 2781 1123 2819; x_wconf 89' lang='grc'><strong><em>11</em></strong></span> <span class='ocrx_word' id='word_1_254' title='bbox 1160 2773 1218 2820; x_wconf 77' lang='grc' dir='ltr'><strong><em>ἂν</em></strong></span> <span class='ocrx_word' id='word_1_255' title='bbox 1243 2776 1418 2821; x_wconf 79' lang='lat' dir='ltr'><strong>inserui</strong></span> <span class='ocrx_word' id='word_1_256' title='bbox 1479 2791 1555 2820; x_wconf 89' lang='lat' dir='ltr'><strong><em>om</em></strong></span> <span class='ocrx_word' id='word_1_257' title='bbox 1573 2778 1710 2822; x_wconf 85' lang='lat' dir='ltr'><strong><em>MaP</em></strong></span> 
     </span>
     <span class='ocr_line' id='line_1_33' title="bbox 137 2832 1824 2892; baseline 0.001 -15"><span class='ocrx_word' id='word_1_258' title='bbox 137 2838 190 2877; x_wconf 86' lang='lat'><strong><em>15</em></strong></span> <span class='ocrx_word' id='word_1_259' title='bbox 230 2832 523 2879; x_wconf 81' lang='grc' dir='ltr'><strong><em>ὑπελείποντ’</em></strong></span> <span class='ocrx_word' id='word_1_260' title='bbox 555 2836 643 2878; x_wconf 87' lang='lat' dir='ltr'><strong><em>Ma</em></strong></span> <span class='ocrx_word' id='word_1_261' title='bbox 675 2834 756 2877; x_wconf 85' lang='lat' dir='ltr'><strong><em>sed</em></strong></span> <span class='ocrx_word' id='word_1_262' title='bbox 781 2834 878 2878; x_wconf 88' lang='lat' dir='ltr'><strong><em>oin</em></strong></span> <span class='ocrx_word' id='word_1_263' title='bbox 902 2848 977 2878; x_wconf 82' lang='lat' dir='ltr'><strong><em>ras</em></strong></span> <span class='ocrx_word' id='word_1_264' title='bbox 1002 2835 1071 2878; x_wconf 81' lang='lat' dir='ltr'><strong><em>m²</em></strong></span> <span class='ocrx_word' id='word_1_265' title='bbox 1194 2840 1247 2879; x_wconf 88' lang='lat'><strong><em>16</em></strong></span> <span class='ocrx_word' id='word_1_266' title='bbox 1280 2834 1335 2890; x_wconf 83' lang='grc' dir='ltr'><strong><em>μέ</em></strong></span> <span class='ocrx_word' id='word_1_267' title='bbox 1366 2850 1440 2880; x_wconf 84' lang='grc'>0111</span> <span class='ocrx_word' id='word_1_268' title='bbox 1465 2836 1555 2880; x_wconf 85' lang='grc' dir='ltr'><strong><em>Μα</em></strong></span> <span class='ocrx_word' id='word_1_269' title='bbox 1677 2841 1729 2879; x_wconf 85' lang='grc'>17</span> <span class='ocrx_word' id='word_1_270' title='bbox 1763 2835 1824 2892; x_wconf 82' lang='grc' dir='ltr'><strong><em>μὴ</em></strong></span> 
     </span>
     <span class='ocr_line' id='line_1_34' title="bbox 136 2891 1824 2952; baseline 0.001 -16"><span class='ocrx_word' id='word_1_271' title='bbox 136 2894 244 2936; x_wconf 65' lang='lat' dir='ltr'>anfie</span> <span class='ocrx_word' id='word_1_272' title='bbox 263 2891 601 2952; x_wconf 83' lang='grc' dir='ltr'><strong><em>καταβαλόντες</em></strong></span> <span class='ocrx_word' id='word_1_273' title='bbox 613 2894 697 2936; x_wconf 63' lang='lat' dir='ltr'><strong><em>lna</em></strong></span> <span class='ocrx_word' id='word_1_274' title='bbox 757 2893 1227 2952; x_wconf 82' lang='grc' dir='ltr'><strong><em>παρακαταβαλόντες</em></strong></span> <span class='ocrx_word' id='word_1_275' title='bbox 1243 2894 1354 2938; x_wconf 88' lang='lat' dir='ltr'><strong>olim</strong></span> <span class='ocrx_word' id='word_1_276' title='bbox 1374 2894 1551 2938; x_wconf 82' lang='lat' dir='ltr'><strong>conieci</strong></span> <span class='ocrx_word' id='word_1_277' title='bbox 1659 2898 1714 2937; x_wconf 94' lang='grc'><strong><em>20</em></strong></span> <span class='ocrx_word' id='word_1_278' title='bbox 1732 2893 1824 2950; x_wconf 83' lang='grc' dir='ltr'><strong><em>φὴς</em></strong></span> 
     </span>
    </p>
   </div>
   <div class='ocr_carea' id='block_1_6' title="bbox 138 2953 1470 3070">
    <p class='ocr_par' dir='ltr' id='par_1_7' title="bbox 138 2953 1470 3070">
     <span class='ocr_line' id='line_1_35' title="bbox 138 2953 1414 3009; baseline 0.002 -13"><span class='ocrx_word' id='word_1_279' title='bbox 138 2953 227 2996; x_wconf 86' lang='lat' dir='ltr'><strong><em>Ma</em></strong></span> <span class='ocrx_word' id='word_1_280' title='bbox 287 2958 380 3008; x_wconf 86' lang='grc' dir='ltr'><strong><em>φῆς</em></strong></span> <span class='ocrx_word' id='word_1_281' title='bbox 403 2954 450 2997; x_wconf 88' lang='grc' dir='ltr'><strong><em>Ρ</em></strong></span> <span class='ocrx_word' id='word_1_282' title='bbox 568 2956 621 2994; x_wconf 94' lang='grc'><strong><em>21</em></strong></span> <span class='ocrx_word' id='word_1_283' title='bbox 656 2953 874 2996; x_wconf 84' lang='grc' dir='ltr'><strong><em>διατοῦτο</em></strong></span> <span class='ocrx_word' id='word_1_284' title='bbox 900 2953 1037 2998; x_wconf 84' lang='grc' dir='ltr'><strong><em>ΜαΡ</em></strong></span> <span class='ocrx_word' id='word_1_285' title='bbox 1059 2955 1065 3009; x_wconf 89' lang='grc' dir='ltr'>Ι</span> <span class='ocrx_word' id='word_1_286' title='bbox 1093 2956 1342 3008; x_wconf 81' lang='grc' dir='ltr'><strong><em>κεκρῖσθαι</em></strong></span> <span class='ocrx_word' id='word_1_287' title='bbox 1366 2955 1414 2998; x_wconf 89' lang='grc' dir='ltr'><strong><em>Ρ</em></strong></span> 
     </span>
     <span class='ocr_line' id='line_1_36' title="bbox 1410 3027 1470 3070; baseline 0 -16"><span class='ocrx_word' id='word_1_288' title='bbox 1410 3027 1470 3070; x_wconf 74' lang='lat'><strong><em>9*</em></strong></span> 
     </span>
    </p>
   </div>
   <div class='ocr_carea' id='block_1_7' title="bbox 1847 1095 1891 1128">
    <p class='ocr_par' dir='ltr' id='par_1_8' title="bbox 1847 1095 1891 1128">
     <span class='ocr_line' id='line_1_37' title="bbox 1847 1095 1891 1128; baseline -0.023 0"><span class='ocrx_word' id='word_1_289' title='bbox 1847 1095 1891 1128; x_wconf 89' lang='lat'><strong><em>10</em></strong></span> 
     </span>
    </p>
   </div>
   <div class='ocr_carea' id='block_1_8' title="bbox 1848 1541 1890 1575">
    <p class='ocr_par' dir='ltr' id='par_1_9' title="bbox 1848 1541 1890 1575">
     <span class='ocr_line' id='line_1_38' title="bbox 1848 1541 1890 1575; baseline 0.024 -1"><span class='ocrx_word' id='word_1_290' title='bbox 1848 1541 1890 1575; x_wconf 81' lang='lat'><strong><em>15</em></strong></span> 
     </span>
    </p>
   </div>
   <div class='ocr_carea' id='block_1_9' title="bbox 1848 1988 1891 2020">
    <p class='ocr_par' dir='ltr' id='par_1_10' title="bbox 1848 1988 1891 2020">
     <span class='ocr_line' id='line_1_39' title="bbox 1848 1988 1891 2020; baseline 0 0"><span class='ocrx_word' id='word_1_291' title='bbox 1848 1988 1891 2020; x_wconf 74' lang='lat'><strong><em>20</em></strong></span> 
     </span>
    </p>
   </div>
  </div>
 </body>
</html>
