2010 3168
183 114 291 166 448
651 111 879 155 LIBANII
909 110 1298 156 DECLAMATIO
1330 111 1479 156 XXIV

181 251 278 316 μία
317 249 494 301 πάντα
534 246 648 318 με’ν,
688 248 761 310 ὡς
800 248 960 315 εἰκός,
999 253 1329 318 κατορθοῦν.
1369 249 1438 318 ἢν
1470 247 1534 302 δέ
1561 266 1671 302 που
1704 249 1869 319 τύχης

183 337 549 406 ἀγνωμοσύνῃ
590 340 791 406 σφαλῇ,
829 337 1167 405 θαυμάζεται
1198 334 1300 405 μὲν
1339 335 1506 391 οὐδὲν
1540 334 1707 407 ἦττον
1737 337 1862 409 παρ’

183 419 266 489 οἷς
313 426 475 496 ἀρετὴ
521 425 779 495 τυγχάνει
826 425 887 477 τὸ
936 426 1406 495 σπουδαζόμενον,
1462 426 1870 498 ἐπανορθοῦται

183 515 243 568 δὲ
296 515 687 584 καΐορθώμασι
743 512 1022 584 δευτέροις
1075 514 1141 566 τὰ
1196 514 1509 582 φθάσαντα.
1572 515 1711 587 ῥᾷον
1765 517 1868 586 γὰρ

137 626 157 658 5
182 602 382 672 ἀνδρία
419 602 667 673 πέφυκεν
706 602 1105 656 ἀνακαλεῖσθαι
1151 603 1216 656 τὰ
1262 604 1565 671 πταίσματα
1614 614 1871 675 χρησταῖς

181 691 362 745 ἐλπίσι
401 693 499 745 τὸν
539 693 804 760 λογισμὸν
843 693 1249 762 θεραπεύουσα.

285 781 333 833 6.
375 782 654 851 Βούλομαι
717 778 779 834 δὲ
838 779 928 834 καὶ
991 781 1094 850 τὴν
1155 783 1359 849 ἄλογον
1415 783 1722 852 μεταβολὴν
1775 790 1871 852 τῆς

179 870 344 940 τύχης
398 869 727 938 διεξελθεῖν,
783 870 884 939 οὐχ
939 870 1031 924 ἴνα
1084 870 1184 923 τὸν
1246 873 1554 940 κατήγορον
1608 872 1867 941 εὐφράνω

179 967 295 1021 τοῖς
357 960 714 1028 διηγήμασιν,
769 959 798 1012 ὁ
854 960 958 1029 γὰρ
1013 959 1337 1028 ἀγανακτῶν
1392 958 1478 1013 ἐπὶ
1542 961 1695 1014 λύσει
1757 971 1870 1014 τῶν

115 1072 156 1104 ιο
181 1049 465 1118 δυσχερῶν
527 1049 691 1117 δῆλός
754 1047 868 1101 ἐστι
928 1046 1019 1101 καὶ
1081 1047 1237 1118 μέχρι
1299 1057 1393 1118 τῆς
1454 1049 1621 1119 ἀκοῆς
1687 1050 1869 1103 αὐτῶν

179 1137 634 1208 εὐφραινόμενος,
675 1135 793 1190 οὐδ’
835 1137 927 1190 ἵνα
966 1138 1061 1200 τὰς
1101 1139 1392 1209 συμφορὰς
1432 1138 1728 1208 ὑπομνήσω
1769 1139 1868 1207 τὴν

177 1228 366 1295 πόλιν,
414 1226 709 1295 ἀπώκνησα
756 1228 860 1297 γὰρ
902 1226 971 1280 ἂν
1023 1225 1249 1280 ἐκείνων
1290 1233 1626 1296 μνησθῆναι,
1664 1229 1731 1297 νὴ
1771 1228 1869 1280 τὸν

177 1314 498 1384 Ἀγησίλαον
536 1316 633 1368 τὸν
673 1315 824 1385 ε’μόν,
863 1317 935 1384 μὴ
975 1324 1069 1385 τῆς
1108 1316 1356 1379 εὐκλείας
1394 1316 1550 1385 ἡμεῖς
1586 1326 1697 1370 τῶν
1735 1335 1867 1385 προ*

178 1405 359 1471 γόνων
398 1406 684 1457 λείπεσθαι
718 1403 977 1473 δόξωμεν,
1018 1406 1066 1458 εἰ
1097 1405 1169 1474 μὴ
1203 1414 1318 1468 τοῖς
1351 1404 1424 1458 δι’
1463 1404 1597 1475 ἐμοῦ
1628 1423 1868 1475 πεπραγ-

112 1517 153 1549 15
177 1492 366 1562 με’νοις
417 1494 858 1564 παρεμυθούμην
911 1495 1013 1562 τὴν
1067 1495 1386 1563 συμφοράν,
1441 1493 1559 1547 ἀλλ’
1621 1495 1713 1547 ἵνα
1768 1495 1867 1563 τὴν

178 1583 404 1637 εὔνοιαν
441 1583 512 1652 ἣν
550 1581 652 1652 ἔχω
692 1581 817 1651 περὶ
857 1584 958 1651 τὴν
997 1584 1163 1636 πόλιν
1203 1582 1534 1650 ἐνδείξωμαι.
1593 1584 1638 1635 7.
1680 1583 1866 1652 ἐπειδὴ

178 1852 262 1892 348
296 1788 412 1892 ἓὸοἲ.
437 1804 479 1845 p.
499 1793 600 1843 452,
621 1794 643 1831 1
784 1792 838 1831 10
879 1787 935 1831 cf.
961 1803 1006 1845 p.
1032 1791 1196 1843 460,11
1347 1793 1397 1831 11
1439 1788 1568 1832 Dem.
1603 1803 1647 1844 p.
1675 1792 1864 1843 704,22;

267 1883 278 1903 ,

298 2046 350 2085 13
390 2037 677 2098 Ἀγησίλαον]
718 2037 851 2092 οὗτος
891 2040 915 2084 ὁ
950 2043 1040 2096 (om
1069 2040 1193 2089 Μαε)
1226 2040 1376 2114 πατὴρ
1410 2047 1492 2084 τοῦ
1529 2037 1801 2114 Ἀρχιδάμου
1835 2038 1863 2096 ἢ

174 2097 406 2157 πρόγονος
430 2099 678 2144 LaurMa²
708 2100 810 2143 Mor
878 2099 1099 2158 συγγενὴς
1131 2096 1266 2150 οὗτος
1290 2106 1371 2143 τοῦ
1393 2097 1665 2156 Ἀρχιδάμου
1686 2101 1778 2144 Μἠ
1768 2099 1862 2143 1cf.

177 2174 272 2216 arg.
307 2160 367 2203 ad
398 2160 534 2203 Isocr.
570 2158 759 2202 Archid.

297 2341 318 2379 1
353 2336 436 2393 μέν
468 2350 542 2379 om
574 2336 733 2380 Macar
780 2339 786 2394 Ι
837 2334 894 2392 ἢν
927 2336 1092 2392 scripsi
1123 2351 1148 2379 e
1173 2337 1217 2379 B
1291 2335 1332 2380 εἰ
1363 2335 1531 2391 reliqui
1563 2335 1671 2378 libri
1704 2335 1863 2379 Macar

177 2395 267 2438 edd
388 2399 413 2438 2
441 2397 608 2450 σφαλεῖ
625 2397 713 2439 Ma
833 2400 860 2438 4
884 2396 962 2439 καὶ
990 2397 1098 2439 ante
1123 2395 1453 2451 κατορθώμασι
1474 2396 1561 2439 Μα
1621 2396 1861 2448 κατορθώ-

175 2469 315 2510 μασιν
347 2454 457 2498 Ferr
488 2454 588 2498 Mor
615 2458 621 2509 Ι
650 2454 884 2509 δευτέροις
914 2454 1077 2510 scripsi
1103 2469 1127 2497 e
1155 2454 1681 2498 CrHMaClBaBLaur
1703 2453 1862 2496 Macar

236 2511 408 2568 ἑτέροις
432 2513 493 2557 Μ
521 2513 613 2556 edd
733 2519 758 2556 ὁ
793 2514 986 2566 ἀνδρεία
1014 2514 1354 2558 GrHMaOlBa
1378 2513 1468 2556 edd
1495 2516 1501 2562 Ι
1529 2520 1640 2556 τῶτε
1668 2514 1756 2556 Ma
1781 2513 1861 2556 scd

176 2571 253 2616 dcl
283 2573 354 2615 m¹
385 2573 432 2616 et
462 2579 679 2630 χρησταῖς
709 2571 834 2616 inser
865 2571 934 2615 111²
994 2580 1096 2623 ταῖς
1122 2572 1252 2616 OlBa
1374 2577 1396 2616 ’1
1430 2571 1671 2628 ἀλόγιστον
1696 2572 1742 2615 Β

177 2635 201 2674 9
233 2637 287 2687 τῆ
328 2634 436 2675 ante
475 2631 600 2675 λύσει
626 2632 685 2674 H
754 2631 982 2674 incertum
1013 2633 1170 2675 utrum
1203 2631 1346 2675 ctiam
1373 2632 1432 2676 Or
1575 2635 1626 2673 11
1662 2627 1767 2674 οὐδ’
1804 2656 1857 2662 -

178 2695 230 2733 12
263 2689 399 2735 πόλιν
424 2690 539 2734 citat
569 2690 822 2746 praemisso
847 2690 1070 2748 Λιβάνιος
1094 2690 1235 2733 Andr.
1261 2691 1358 2746 Lop
1363 2690 1522 2734 adiota
1545 2689 1632 2733 lex.
1658 2689 1858 2733 Vindob.

176 2764 208 2792 s.
243 2764 282 2792 v.
315 2748 645 2806 ὑπομιμνῄσκω
684 2764 728 2804 p.
758 2753 929 2803 181,12
963 2749 1032 2792 ed.
1058 2749 1224 2792 Nauck
1259 2752 1264 2805 Ι
1301 2751 1384 2807 οὐχ
1411 2749 1615 2794 CrHMa
1655 2748 1814 2804 Lopad
1849 2751 1855 2806 Ι

174 2814 254 2864 τῆς
285 2815 526 2864 συμφορᾶς
559 2807 661 2852 coni
693 2808 856 2851 Iacobs
887 2808 988 2851 Ach
1011 2808 1048 2850 T
1074 2813 1157 2851 501
1185 2808 1297 2852 Lech
1323 2813 1407 2851 120
1433 2810 1482 2851 at
1506 2806 1562 2851 cf.
1590 2807 1716 2850 Dcrn
1743 2807 1789 2852 11
1808 2807 1856 2852 ll.

295 2872 349 2910 14
382 2868 423 2910 εἰ
448 2894 502 2898 -
530 2872 584 2910 15
617 2866 863 2923 συμφοράν
886 2867 935 2910 in
959 2882 1092 2924 marg
1118 2869 1205 2911 Ma
1266 2882 1340 2910 om
1368 2867 1420 2911 Ol
1541 2871 1594 2909 15
1625 2866 1710 2921 τὴν
1734 2866 1858 2908 inser

177 2925 290 2969 Ma²
