2010 3168
354 122 688 168 ANTILOGLA
717 121 799 166 DE
830 121 1012 166 LAIDE
1043 121 1174 168 NON
1204 121 1577 166 REVOCANDA
1696 122 1805 176 485

111 259 393 331 ἡμετέροις
431 259 697 328 ἀποίκοις,
738 259 803 313 οὐ
837 260 940 329 γάρ
973 255 1044 328 ἦν
1075 256 1368 329 ἀξιόχρεως
1398 258 1807 327 ἀνταγωνιστὰς

112 351 297 421 εὑρεῖν
334 349 367 419 ἢ
408 348 507 412 οὓς
546 348 910 421 ἀπωκίσαμεν.
952 348 1038 401 31.
1079 347 1360 417 ἐφάνημεν
1398 350 1654 417 χρήσιμοι
1693 356 1806 410 τοῖς

111 438 423 509 Ἀθηναίοις
457 436 464 507 Ι
500 437 560 491 ἐν
590 444 665 510 τῷ
691 439 829 508 πρὸς
860 439 1162 507 Αἰγινήτας
1202 435 1626 507 ἐπικουροῦντες
1672 441 1792 486 RIV
1808 446 1893 485 442

110 527 343 600 πολέμῳ.
382 528 846 597 ἠλευθερώσαμεν
886 528 1142 590 δουλείας
1181 526 1488 595 Ἀθηναίων
1526 530 1657 589 τοὺς
1682 525 1806 580 Ἕλ-

111 622 294 686 ληνας,
333 617 400 671 οὐ
439 618 545 686 γὰρ
586 617 920 686 ἠνειχόμεθα
968 615 1275 685 δυνάμενοι,
1319 624 1525 669 παῦσαι
1569 617 1634 669 τὰ
1675 618 1805 670 δυσ-

111 714 240 777 χερῆ
279 707 352 776 μὴ
391 705 655 774 γενέσθαι
700 715 817 769 τοῖς
864 704 1250 772 ἀδικουμένοις
1295 705 1612 776 προστάται.
1657 708 1806 759 πλεί-

110 810 242 859 στας
297 795 648 867 ἀπῳκίσαμεν
700 797 886 858 πόλεις
943 796 1046 863 τὴν
1092 792 1328 847 Ἑλλάδα
1387 802 1452 864 τῇ
1513 797 1804 865 προσθήκῃ

110 893 209 938 τοῦ
249 883 446 953 γένους
486 885 914 954 εὐεργετοῦντες.
953 892 1125 937 ταῦτα
1156 886 1222 937 τὰ
1259 881 1452 956 πρςόην
1490 883 1645 952 ἡμῶν
1682 904 1805 937 κατ-

112 975 424 1045 ορθώματα.
487 974 836 1043 ἀντεισῆκται
898 970 958 1027 δὲ
1031 981 1140 1026 νῦν
1202 971 1325 1026 ἀντὶ
1391 983 1504 1026 τῶν
1556 982 1806 1042 χρηστῶν

110 1064 323 1118 τούτων
369 1063 514 1133 μέθη
568 1064 661 1117 καὶ
714 1073 888 1133 κῶμοι
942 1063 1032 1116 καὶ
1079 1065 1395 1125 πολυτελεῖς
1442 1060 1720 1125 ἑστιάσεις.
1772 1062 1805 1116 ἃ

109 1161 316 1206 παῦσαι
356 1154 445 1206 δεῖ
479 1154 610 1216 τοὺς
650 1151 811 1221 δόξης
851 1151 1232 1222 ὀρεγομένους.

223 1242 308 1295 32.
347 1240 496 1295 Ἀλλ’
544 1242 618 1295 οὐ
657 1249 769 1310 τῆς
806 1243 1055 1304 πόλεως
1095 1241 1271 1311 ὅλης,
1313 1243 1509 1310 φησίν,
1559 1239 1697 1294 ἐστὶ
1736 1242 1805 1295 τὸ

111 1332 466 1400 βούλευμα,
516 1329 770 1401 ἑταῖραι
819 1331 888 1384 δὲ
935 1340 1061 1385 τῶν
1108 1330 1358 1395 ἀδόξων
1408 1327 1582 1394 τινὲς
1622 1334 1806 1399 ζηλο-

110 1428 437 1474 τυποῦσαι
480 1421 616 1491 ἰδίᾳ
663 1424 979 1474 πείθουσι
1025 1422 1179 1483 τοὺς
1226 1421 1516 1482 οἰκείους
1567 1438 1805 1490 πορνο-

110 1512 393 1578 βοσκοὺς
431 1511 499 1563 τὸ
541 1509 675 1563 κατ’
719 1509 978 1579 ἐκείνης
1016 1511 1319 1579 ψήφισμα
1365 1510 1609 1579 γράψαι
1651 1527 1805 1579 προ-

112 1598 563 1667 στησαμένους
624 1599 737 1653 ἕνα
806 1601 1363 1669 σχηματιζόμενον
1433 1597 1805 1653 ἐπιείκειαν.

0 1738 37 1750 ,,
110 1685 316 1757 ἔοικας,
380 1689 668 1758 ἄνθρωπε,
730 1691 860 1751 τοὺς
920 1691 1337 1759 πορνοβοσκοὺς
1406 1687 1807 1741 ἐσπουδακέναι

113 1778 409 1845 σεμνύνειν
446 1777 536 1831 καὶ
577 1779 884 1847 βούλεσθαι
932 1779 1028 1841 τὰς
1076 1776 1292 1847 ἑταίρας
1338 1778 1675 1846 εὐδοκιμεῖν,
1723 1777 1807 1830 ὅτι

111 1874 177 1937 τῇ
226 1867 393 1920 Λαίδι
447 1868 549 1936 τὴν
604 1868 777 1936 αὐτὴν
831 1866 1220 1935 ἐπιτηδεύουσι
1274 1865 1485 1936 τέχνην.
1541 1865 1806 1919 ἐντεῦθεν

112 1957 393 2010 τοσούτων
432 1956 664 2026 ἀγαθῶν
704 1958 880 2020 αἰτίας
920 1956 1310 2010 ἀποδεικνύειν
1342 1955 1631 2025 ἐπιχειρεῖς
1669 1955 1806 2024 μηδὲ

111 2047 241 2109 τοὺς
294 2048 713 2116 πορνοβοσκοὺς
767 2046 951 2099 αὐτῶν
1004 2045 1325 2114 ἀποστερῶν
1378 2053 1474 2113 τῆς
1519 2044 1805 2113 εὐφημίας.

113 2135 160 2187 εἰ
207 2136 310 2205 γὰρ
358 2135 586 2204 δοίημεν
633 2133 860 2189 ἐκείνων
915 2131 1056 2188 εἶναι
1104 2136 1166 2188 τὸ
1218 2142 1355 2203 πᾶν,
1409 2135 1572 2204 χάριν
1618 2133 1806 2196 αὐτοῖς

114 2222 450 2292 ὁμολογῆσαι
489 2226 767 2295 προσήκει.
807 2224 894 2277 33.
933 2222 1024 2277 καὶ
1066 2226 1239 2294 φαίην
1271 2223 1340 2277 ἂν
1371 2221 1542 2292 ἔγωγε
1573 2228 1805 2293 θαρρῶν

232 2359 257 2398 3
289 2355 396 2400 Her.
415 2355 479 2399 VI
495 2359 565 2399 89.
590 2355 735 2400 Thuo.
752 2356 843 2399 141
967 2361 995 2399 4
1020 2355 1077 2400 cf.
1095 2371 1141 2412 p.
1160 2359 1283 2410 35,1.
1315 2354 1458 2399 Thuc.
1477 2355 1670 2410 166sq.;
1696 2358 1802 2409 69,1

234 2478 256 2516 1
303 2472 690 2532 ἀξιοχρεωτέρους
731 2474 804 2518 vel
852 2477 1023 2530 μᾶλλον
1067 2471 1314 2532 ἀξιόχρεως
1357 2473 1461 2517 coni
1501 2472 1658 2517 Gasda,

118 2537 143 2576 3
176 2534 532 2587 ἐπικουροῦντες
556 2534 610 2579 ΟΖ
640 2533 721 2577 sed
754 2535 882 2590 ov(1)
915 2548 971 2578 ex
1001 2552 1029 2579 v
1062 2547 1163 2578 corr
1194 2532 1264 2577 m²
1409 2537 1432 2575 7
1471 2539 1524 2590 τῇ
1565 2532 1690 2575 inser
1713 2531 1805 2576 Va'

247 2596 274 2635 8
317 2592 376 2636 τὰ
416 2592 541 2637 inser
564 2592 676 2636 Ma'
752 2607 824 2637 om
855 2594 906 2638 Cl
955 2596 960 2650 Ι
1009 2594 1170 2649 πρωην
1187 2594 1411 2638 HVaMa
1555 2597 1609 2635 10
1652 2591 1803 2647 καὶ(1)

112 2650 238 2694 inser
270 2651 361 2696 Va²
483 2657 535 2695 11
569 2657 649 2707 τῆς
680 2654 789 2696 ante
821 2650 959 2708 δόξης
990 2653 1081 2696 edd
1113 2652 1234 2706 sed,
1239 2652 1412 2705 ‚melius
1444 2651 1566 2695 abest
1589 2664 1619 2694 a
1651 2650 1804 2704 Wolfl‘

112 2710 181 2754 Re
257 2710 409 2755 delevi
492 2715 574 2766 τῆς
614 2708 841 2764 πρότερον
881 2711 955 2755 vel
997 2719 1077 2769 τῆς
1117 2714 1322 2761 παλαιᾶς
1364 2710 1468 2754 coni
1506 2709 1663 2753 Gasda

116 2773 169 2812 12
203 2769 297 2814 ἔστι
323 2770 529 2815 ΜΜαΟΖ
590 2769 683 2813 ἐστι
707 2771 832 2815 BVa
844 2771 902 2815 Vi
1021 2775 1075 2814 14
1112 2767 1212 2830 ἰδίᾳ
1244 2768 1465 2814 πείθουσι
1497 2768 1662 2823 scripsi
1694 2781 1803 2811 auc-

113 2829 213 2872 tore
239 2827 411 2873 Cobeto
444 2828 544 2874 Coll
565 2832 652 2872 294
712 2827 1017 2874 διαπείθουσι
1039 2829 1150 2873 libri
1174 2816 1265 2873 edd
1385 2833 1441 2871 20
1470 2827 1529 2884 μὴ
1556 2826 1607 2871 δὲ
1625 2828 1723 2871 ΗΒ
1734 2827 1803 2870 Va

123 2887 330 2933 ViMan
450 2893 502 2931 21
537 2888 883 2946 πορνοβοσκοὺς
914 2888 1079 2945 scripsi
1111 2890 1300 2932 auctore
1326 2886 1482 2931 Gasda
1542 2884 1804 2943 προγόνους

114 2945 223 2989 libri
256 2947 347 2990 edd
468 2952 522 2990 22
555 2948 720 2999 αὐταῖς
751 2947 856 2991 coni
887 2948 989 2991 Mor

1853 636 1872 668 5

1830 1083 1872 1115 10

1832 1529 1872 1561 15

1830 1975 1872 2006 20
