2010 3168
537 120 1019 166 ARISTOPHONTIS
1053 119 1278 165 ORATIO
1655 121 1680 172 1
1689 120 1759 173 63

64 261 257 326 εἰπεῖν,
295 256 639 329 ᾠκοδόμηται
684 258 751 310 τὰ
799 257 1123 326 δικαστήρια
1176 265 1292 319 τοῖς
1340 266 1608 326 πονηροῖς
1661 256 1763 323 μὲν

65 346 476 413 ἐναλίσκεσθαι,
521 354 637 407 τοῖς
683 343 746 399 δὲ
793 345 1029 414 ἀγαθοῖς
1068 344 1570 399 ἐνεπιδείκνυσθαι.
1622 345 1764 398 ὅπου

65 436 170 504 γὰρ
210 442 306 503 τῆς
350 434 565 502 κακίας,
613 433 724 487 ἐκεῖ
761 433 853 487 καὶ
892 441 989 502 τῆς
1036 433 1231 503 ἀρετῆς
1269 434 1302 502 ἡ
1343 435 1539 505 κρίσις,
1590 435 1663 496 ὡς
1701 434 1762 486 τὸ

66 524 198 577 αὐτὸ
251 522 494 592 θέατρον
553 523 822 592 ἀμουσίας
881 542 939 576 τε
1000 522 1092 576 καὶ
1154 532 1436 593 μουσικῆς.
1499 521 1590 576 καὶ
1653 531 1765 575 τῶν

65 612 334 666 ἐναντίων
380 612 440 665 οἱ
482 610 641 665 αὐτοὶ
689 613 963 680 κάθηνται
1011 613 1206 682 κριταί.
1246 627 1248 629 ’
1260 620 1389 682 μιᾶς
1442 613 1548 680 γὰρ
1599 613 1762 680 ἄμφω
1812 631 1832 664 5

64 700 255 771 τέχνης
294 699 516 769 εἰδέναι,
556 702 646 754 καὶ
687 703 745 755 οἱ
774 701 1026 754 δικασταὶ
1058 702 1191 770 μίαν
1227 698 1446 770 ἔχοντες
1478 699 1765 770 ἐμπειρίαν

65 790 284 858 ἀγαθοῦ
323 788 414 842 καὶ
453 797 703 858 πονηροῦ
743 792 872 858 βίου
913 789 1013 853 οὓς
1052 787 1155 859 μὲν
1194 789 1265 843 ἂν
1304 789 1594 858 φλαύρους
1631 789 1765 842 ὑπο-

64 881 322 946 νοήσωσι,
363 881 557 948 ζημίαν
598 878 958 952 ἐπιβάλλουσι
997 880 1238 947 τούτοις,
1286 881 1418 941 τοὺς
1466 875 1528 931 δὲ
1567 887 1766 931 νικῶν-

66 987 158 1031 τας
198 966 284 1021 ἐπὶ
333 969 429 1030 τὰς
475 969 634 1037 τιμὰς
680 967 1093 1037 προπέμπουσι,
1147 971 1278 1031 τοὺς
1333 965 1395 1020 δὲ
1443 967 1546 1020 οὐκ
1596 965 1766 1031 ἐξετα-

67 1056 306 1118 σθέντας
339 1057 466 1109 οὔτε
499 1057 830 1122 κολάζουσιν
862 1058 989 1111 οὔτε
1013 1067 1261 1124 τιμῶσιν.
1302 1057 1389 1109 29.
1416 1056 1559 1110 οὕτω
1587 1056 1649 1109 δὲ
1672 1060 1762 1109 καὶ
1792 1077 1834 1109 10

66 1155 183 1208 τοῖς
218 1145 225 1217 Ι
261 1148 454 1215 νόμοις
479 1147 647 1199 ἅπασι
674 1148 828 1200 δοκεῖ
851 1145 1061 1216 μηδένα
1087 1144 1184 1199 ἐᾶν
1217 1148 1456 1216 ἄκριτον.
1495 1144 1586 1198 καὶ
1650 1149 1781 1194 Η.ΙΧ
1801 1154 1854 1192 39

65 1245 289 1304 πρῶτον
328 1235 430 1302 μὲν
468 1235 593 1302 περὶ
632 1244 733 1289 τοῦ
772 1234 971 1304 γένους
1014 1237 1092 1298 εἰς
1131 1237 1324 1305 κρίσιν·
1357 1236 1600 1298 ἅπαντας
1637 1235 1769 1296 τοὺς

65 1327 293 1386 πολίτας
332 1325 550 1392 ἄγουσι,
590 1322 681 1377 καὶ
722 1324 820 1387 οὓς
860 1323 1047 1387 οὐδεὶς
1086 1322 1268 1387 ξενίας
1298 1323 1593 1394 ἐγράψατο,
1632 1324 1768 1376 κατὰ

67 1414 277 1481 δήμους
316 1421 608 1476 ποιοῦντες
648 1413 852 1482 ἀγορὰς
883 1412 974 1466 καὶ
1008 1414 1383 1481 διαψηφίσεις,
1424 1412 1574 1475 ὅστις
1606 1411 1770 1473 ἀστὸς

66 1501 98 1569 ἢ
139 1500 573 1570 παρέγγραπτος.
630 1502 722 1554 καὶ
775 1503 878 1570 τὴν
933 1503 1264 1571 δοκιμασίαν
1309 1502 1517 1570 ταύτην
1565 1499 1768 1570 ὑπομέ-
1795 1522 1836 1555 15

67 1604 255 1659 νουσι,
303 1589 410 1643 κᾶν
457 1590 804 1660 εὐπατριδῶν
850 1611 933 1653 τις
971 1585 1005 1660 ᾗ
1053 1590 1158 1644 κᾶν
1198 1586 1628 1659 Ἐτεοβουτάδης
1665 1588 1771 1642 κᾶν

66 1679 427 1747 Εὐμολπίδης
473 1678 577 1732 κᾶν
626 1678 1054 1749 ἐστρατηγηκώς.
1120 1687 1214 1747 τῆς
1267 1677 1370 1746 μὲν
1425 1675 1529 1732 οὖν
1581 1686 1771 1746 κοινῆς

67 1771 344 1830 πολιτείας
392 1768 525 1821 ἄνευ
574 1769 961 1838 διαψηφίσεων
1017 1767 1207 1821 οὐδενὶ
1261 1768 1499 1838 μέτεστι,
1556 1768 1770 1835 δωρεὰν

69 1856 131 1909 δὲ
177 1857 278 1925 τὴν
328 1859 593 1925 μεγίστην
639 1862 848 1910 οἴσεται
895 1858 961 1910 οὐ
1011 1855 1414 1926 διαψηφισθεὶς
1451 1858 1500 1910 εῑ
1546 1857 1771 1925 γνήσιός

69 1944 184 1998 ἐστι
230 1953 331 1998 τοῦ
378 1954 474 2015 τῆς
525 1946 720 2016 ἀρετῆς
767 1946 1036 2016 ὀνόματος
1079 1945 1112 2014 ἢ
1153 1948 1326 2009 νόθος
1375 1944 1468 1999 καὶ
1507 1945 1769 2014 ὑποβολι-
1795 1967 1837 1999 20

68 2042 226 2100 μαῖος
265 2032 327 2087 ἐν
366 2034 631 2106 ἀλλοτρίᾳ
663 2034 795 2105 δόξῃ
827 2036 1196 2105 πολιτεύεται,
1236 2035 1323 2088 30.
1361 2033 1549 2088 ἔπειτα
1586 2035 1768 2106 κλήρῳ

69 2123 166 2185 τὰς
204 2122 373 2192 ἀρχὰς
415 2124 679 2192 ἱστάντες,
720 2125 794 2187 ὡς
834 2125 1134 2193 δημοτικὸν
1181 2124 1248 2177 ὂν
1285 2124 1347 2178 τὸ
1390 2127 1486 2191 τῆς
1524 2128 1647 2191 ἴσης
1685 2120 1769 2175 ἐλ-

69 2212 254 2279 πίδος,
317 2212 384 2264 οὐ
438 2214 616 2279 μόνον
669 2220 734 2281 τῇ
789 2219 889 2264 τοῦ
943 2214 1152 2282 κλήρου
1207 2212 1343 2282 τύχῃ
1398 2212 1500 2280 τὴν
1554 2211 1770 2278 αἵρεσιν

69 2299 284 2352 τούτων
324 2298 731 2369 ἐπιτρέπουσιν,
771 2299 910 2354 ἀλλὰ
947 2299 1039 2354 καὶ
1080 2301 1441 2371 δικαστήριον
1475 2303 1767 2364 καθίζουσι

192 2450 247 2488 14
278 2444 493 2490 Aeschin.
521 2445 640 2490 Ctes.
666 2460 711 2502 p.
731 2450 867 2500 57,37
993 2451 1046 2490 15
1076 2446 1294 2490 Aeschin.
1319 2445 1423 2490 fals.
1448 2445 1540 2502 leg.
1564 2460 1609 2502 p.
1629 2449 1767 2500 51‚42

192 2509 246 2548 19
280 2519 344 2560 sq.
379 2505 486 2549 Luc.
520 2505 637 2548 Pisc.
663 2509 719 2548 46

191 2640 219 2679 4
250 2652 298 2680 τε
333 2636 500 2693 scripsi
577 2654 627 2695 γε
654 2638 792 2683 ΜαΡ
932 2643 957 2682 6
991 2638 1032 2682 εἰ
1067 2639 1148 2682 καὶ
1181 2639 1290 2682 ante
1325 2637 1504 2682 εἰδέναι
1537 2639 1626 2682 Μα

74 2698 100 2737 8
134 2694 359 2754 ἐπέβαλον
386 2698 475 2741 Μα
598 2702 652 2739 14
685 2697 821 2748 ἀστὸς
860 2697 1028 2754 scripsi
1089 2698 1228 2749 αὐτὸς
1254 2698 1393 2742 ΜαΡ
1499 2701 1565 2740 15
1598 2693 1626 2751 ἢ
1658 2696 1706 2739 in
1739 2691 1767 2752 ἦ

75 2765 177 2797 corr
195 2755 242 2798 P
360 2761 414 2799 16
441 2755 511 2811 εἴη
529 2757 575 2800 Ρ
694 2760 747 2800 19
773 2758 824 2800 δὲ
851 2756 1017 2812 scripsi
1041 2770 1066 2801 e
1085 2758 1175 2802 Ma
1234 2756 1364 2801 καὶΡ
1388 2757 1394 2811 Ι
1422 2755 1769 2812 ὃιαψηφισθεὶς

77 2812 239 2868 scripsi
301 2814 631 2871 ὃιαψηφισθὲν
657 2816 795 2859 ΜαΡ
822 2815 902 2859 sed
935 2816 984 2859 in
1009 2816 1096 2859 hoc
1120 2816 1187 2867 εὶς
1211 2828 1351 2872 supra
1377 2816 1427 2859 ὲν
1449 2814 1520 2858 m'
1548 2816 1553 2871 Ι
1581 2811 1768 2871 γνήσιός

77 2871 240 2927 scripsi
271 2885 296 2915 e
322 2875 412 2917 Ma
450 2887 556 2917 cum
588 2872 762 2918 Cobeto
839 2873 1031 2930 γνήσιον
1056 2876 1102 2918 Ρ
1129 2875 1211 2918 sed
1255 2891 1306 2925 ος
1345 2887 1486 2930 supra
1518 2889 1573 2917 ον
1606 2873 1687 2925 m²
1722 2875 1768 2915 et

78 2927 191 2973 olim
214 2931 378 2987 scripsi
499 2937 556 2975 24
588 2930 862 2984 καθίζουσιν
890 2935 978 2977 Μα

1327 3005 1412 3048 11*
