2010 3168
706 132 966 178 GEPHALI
998 133 1223 178 ORATIO
1706 135 1732 185 1
1743 133 1770 185 1
1780 134 1808 186 7

117 271 369 325 ἀναιτιόυ
402 271 531 337 βίου
565 271 785 323 δικαίου
815 270 906 323 καὶ
939 274 1128 339 καλοῦ,
1168 277 1268 323 τοῦ
1302 266 1350 322 δ’
1390 267 1452 322 ἐν
1484 268 1696 337 ἀγῶσιν
1728 267 1810 322 ἀεὶ

116 359 206 413 καὶ
239 362 437 428 φόβοις
470 357 536 412 οὐ
569 361 979 428 παραπλησίου·
1019 359 1184 412 παντὶ
1217 358 1335 431 μέν,
1367 358 1457 411 καὶ
1492 358 1641 420 ὅστις
1681 358 1811 411 οὐδ-

118 448 308 517 έτερον
339 447 495 516 ἡμῶν
528 441 680 500 οἶδεν
715 449 846 520 ἰδίᾳ,
879 449 1045 519 ῥᾳδία
1075 455 1174 502 τοῦ
1207 451 1522 517 κρείττονος
1553 447 1586 515 ἡ
1619 449 1810 516 κρίσις.

115 539 165 591 4.
218 537 284 590 οὐ
339 538 450 606 μὴν
504 535 624 589 ἀλλ’
671 538 724 590 οἱ
779 534 880 605 μὲν
933 537 993 590 τὸ
1048 535 1204 599 τέλος
1259 536 1619 604 ἀγνοοῦντες,
1678 537 1812 589 αὐτὸ

115 623 177 679 δὲ
230 634 393 679 τοῦτο
449 626 549 678 τὸν
599 626 701 694 μὲν
753 626 1043 692 πολλάκις,
1091 626 1189 679 τὸν
1237 626 1298 679 δὲ
1348 624 1476 694 μηδ’
1531 624 1671 688 ἅπαξ
1726 645 1805 678 κε·
1858 646 1877 679 5

115 718 346 783 κρίσθαι
400 716 699 783 μαθόντες,
753 715 854 782 τὴν
908 713 1168 783 ἑκατέρου
1225 714 1284 767 δὲ
1335 717 1663 784 προαίρεσιν
1712 713 1812 766 οὐκ

116 805 322 866 εἰδότες
351 806 598 871 οἰηθεῖεν
630 809 761 866 ἴσως
794 802 863 856 ἂν
895 804 993 857 τὸν
1017 800 1118 873 μὲν
1145 802 1529 873 ἐξεταζόμενον
1567 803 1626 855 ἐν
1657 808 1813 856 πολι-

115 895 233 963 τείᾳ
250 891 339 945 καὶ
356 895 582 954 πολλοῖς
600 891 1007 960 ἐμπλεκόμενον
1027 893 1032 963 Ι
1052 893 1333 961 πράγμασι
1353 894 1446 946 διὰ
1463 900 1628 946 τοῦτο
1684 897 1741 941 Η.
1767 898 1830 941 IX
1847 902 1903 941 49

118 981 207 1035 καὶ
247 985 476 1044 πολλαῖς
515 992 833 1047 περιπεσεῖν
871 983 1089 1050 αἰτίαις,
1132 983 1222 1035 καὶ
1263 983 1591 1049 θαυμαστὸν
1631 981 1815 1049 οὐδέν,

119 1077 172 1124 εἴ
213 1091 295 1133 τις
341 1071 672 1124 ὑπεύθυνον
723 1071 893 1124 αὑτὸν
947 1072 1116 1124 ἅπασι
1173 1072 1366 1134 διδοὺς
1420 1079 1536 1134 τοῖς
1591 1070 1816 1141 ἐχθροῖς
1841 1094 1883 1125 ιο

120 1160 499 1228 ἐπισπώμενος
546 1162 772 1229 φθόνον
818 1159 911 1228 ἀφ’
959 1156 1038 1213 ὧν
1086 1160 1368 1230 εὐδοκιμεῖ
1420 1159 1510 1214 καὶ
1551 1156 1622 1213 δι’
1670 1160 1817 1213 ὅσων

117 1258 225 1303 νῦν
260 1249 597 1319 Ἀριστοφῶν
634 1252 927 1319 σκήπτεται
968 1253 1233 1318 κρίνεται·
1274 1250 1399 1319 περὶ
1442 1249 1575 1316 ἐμοῦ
1616 1246 1676 1302 δὲ
1716 1250 1817 1318 τὴν

120 1339 378 1392 ἐναντίαν
416 1337 531 1407 ἔχοι
570 1359 653 1401 τις
692 1339 762 1392 ἂν
802 1338 984 1408 δόξαν,
1034 1340 1337 1392 ἰδιωτεύων
1377 1340 1500 1407 γάρ,
1541 1339 1614 1401 ὡς
1655 1340 1817 1419 εἰκός,

118 1428 506 1495 ἀποδεδρακὼς
559 1427 618 1480 ἐκ
671 1427 844 1497 μέσου
900 1427 1100 1497 λέληθε
1153 1431 1283 1491 τοὺς
1337 1428 1691 1497 συκοφάντας
1756 1426 1818 1481 ἐν

118 1517 356 1587 ἀφανείᾳ
406 1519 552 1585 βίου,
615 1516 705 1570 καὶ
760 1518 860 1571 τὸν
913 1518 1014 1586 μὲν
1077 1519 1482 1586 φιλοκίνδυνον
1544 1514 1665 1570 ἔσθ’
1729 1517 1816 1570 ὅτε
1843 1539 1884 1571 15

118 1605 207 1660 καὶ
249 1609 520 1675 χρήσιμον
559 1605 630 1660 ἂν
667 1607 931 1675 ἡγήσαιτο
972 1613 1049 1678 τῷ
1088 1610 1222 1675 μήτε
1262 1606 1444 1674 λέγειν
1485 1607 1518 1660 ἃ
1559 1608 1644 1660 δεῖ
1685 1609 1816 1676 μήτε

121 1696 358 1765 γράφειν
420 1695 629 1764 ὀκνεῖν,
693 1693 784 1764 ἐμὲ
847 1693 908 1748 δὲ
970 1697 1099 1765 βίου
1152 1695 1254 1763 μὲν
1310 1692 1453 1749 εἶναι
1508 1698 1817 1766 νικηφόρον

119 1783 407 1853 ἀμέμπτως
448 1786 526 1847 εἰς
564 1793 728 1838 τοῦτο
769 1783 1014 1853 ἐζηκότα,
1066 1784 1386 1853 ἀσύμβολον
1435 1782 1495 1838 δὲ
1544 1795 1658 1848 τοῖς
1703 1805 1818 1838 κοι-

119 1881 251 1936 νοῖς.
307 1873 396 1926 καὶ
445 1874 548 1943 γὰρ
599 1874 772 1936 οὕτως
817 1870 950 1943 ἔχει·
999 1874 1125 1927 οὔτε
1171 1872 1300 1927 καθ’
1355 1874 1530 1927 αὑτὸν
1583 1876 1816 1943 βιοῦντα

119 1960 211 2014 καὶ
250 1963 322 2031 μὴ
362 1964 817 2032 προσαπτόμενον
847 1966 1124 2026 πολιτείας
1164 1962 1417 2016 ἀναίτιον
1457 1962 1816 2031 διαγενέσθαι
1841 1985 1885 2017 so

120 2050 255 2119 μέγα
290 2051 418 2104 οὔτε
449 2053 882 2118 πολιτευόμενον
914 2054 1092 2114 αἰτίας
1124 2053 1332 2114 πολλὰς
1366 2051 1631 2120 ἐκφυγεῖν
1663 2051 1818 2115 ἄξιον

122 2143 401 2210 τιμωρίας,
441 2138 559 2194 ἀλλ’
607 2140 739 2193 οὐδὲ
779 2148 951 2210 τιμῆς.

208 2228 284 2284 ,5.
335 2230 400 2281 Τί
453 2225 556 2282 οὖν
606 2227 695 2281 καὶ
755 2230 1095 2299 δυσέφικτον
1150 2230 1242 2283 καὶ
1300 2231 1477 2293 ἄλλως
1533 2229 1687 2293 ἄξιον
1741 2251 1818 2282 τι-

245 2394 298 2434 17
332 2389 446 2434 Xen.
481 2404 643 2434 comm.
669 2390 732 2433 111
757 2396 797 2446 4,
817 2395 865 2444 ὃς
900 2390 1073 2448 Agesil.
1100 2396 1141 2447 9,
1160 2394 1209 2444 ’ῖς
1242 2404 1371 2434 conv.
1398 2396 1439 2445 2,
1458 2395 1483 2434 5

246 2543 271 2583 3
305 2539 433 2595 ὑμῶν
453 2541 543 2583 Μα
567 2539 648 2582 sed
671 2555 700 2581 υ
725 2539 774 2582 in
797 2556 826 2595 η
856 2553 958 2583 corr
983 2538 1054 2582 m'
1174 2545 1200 2584 5
1231 2537 1368 2584 τόνδε
1393 2542 1438 2584 Ρ
1462 2542 1468 2596 1
1496 2539 1557 2597 μὴ
1582 2536 1628 2583 δ’
1657 2541 1703 2583 Ρ

128 2603 151 2641 7
184 2595 235 2642 τὸ
261 2599 306 2642 Ρ
423 2603 448 2641 8
482 2601 700 2643 διατοῦτο
725 2600 770 2642 Ρ
903 2602 927 2641 9
961 2599 1115 2655 καὶ(1)
1149 2613 1224 2643 om
1251 2601 1340 2644 Ma
1473 2603 1527 2642 10
1559 2598 1704 2643 αὐτὸν
1731 2600 1820 2643 Ma

130 2657 135 2714 Ι
171 2658 332 2708 διδοὺς
364 2657 530 2714 scripsi
598 2659 714 2700 διδῶ
738 2659 876 2702 ΜαΡ
1017 2663 1067 2701 11
1103 2657 1223 2703 ὅσων
1255 2657 1420 2714 scripsi
1453 2672 1477 2701 e
1503 2659 1592 2703 Ma
1670 2654 1755 2701 ὅσα
1779 2659 1825 2702 Ρ

248 2721 303 2759 14
335 2716 384 2761 ἐν
416 2716 590 2760 inserui
624 2729 648 2759 e
678 2718 763 2761 Ma
825 2731 899 2761 om
925 2718 970 2761 P
1088 2722 1142 2761 15
1174 2717 1256 2762 τὸν
1289 2717 1454 2774 scripsi
1514 2724 1596 2761 τοῦ
1618 2718 1706 2761 Μα
1737 2716 1819 2761 sed

127 2774 177 2818 in
206 2774 289 2819 τὸν
322 2789 422 2819 corr
453 2775 543 2829 ιη’,
568 2777 614 2819 Ρ
637 2777 644 2830 Ι
671 2775 722 2819 τὸ
746 2777 856 2820 ante
887 2774 1224 2831 φιλοκίνδυνον
1250 2778 1295 2820 Ρ
1353 2776 1501 2820 delevi
1519 2779 1536 2832 Ἰ
1564 2774 1634 2820 ὅτι
1660 2777 1707 2821 Ρ

132 2837 184 2877 17
217 2834 300 2889 μὲν
334 2847 408 2878 om
433 2835 523 2878 Ma
646 2839 699 2877 18
733 2835 993 2892 ἀσύμβολον
1034 2835 1199 2892 scripsi
1276 2835 1535 2894 σύμβουλον
1569 2836 1706 2880 ΜαΡ

130 2897 184 2934 22
216 2891 451 2947 τιμωρίας,
484 2890 584 2936 ἀλλ’
621 2893 730 2937 οὐδὲ
761 2900 894 2950 τιμῆς
918 2893 1084 2950 scripsi
1145 2900 1293 2950 τιμῆς,
1321 2893 1424 2938 ἀλλ’
1458 2893 1568 2938 οὐδὲ
1599 2891 1820 2949 τιμωρίας

132 2952 268 2996 ΜαΡ
297 2965 417 3007 quae
447 2954 634 3009 praeter
663 2957 797 3009 τιμῆς
828 2952 1026 2997 delenda
1058 2955 1215 2998 censet
1245 2953 1486 2998 Hertlinus
