2010 3168
229 95 299 148 28
680 94 907 139 LIBANII
937 93 1326 139 DEOLAMATIO
1359 94 1464 139 XIII

228 229 445 299 μένους,
485 232 550 283 τὰ
590 234 753 300 σιτιά,
794 233 923 293 τοὺς
963 229 1348 299 σιτουμένους,
1393 230 1572 283 πάντα
1611 232 1782 284 αὐτὸν
1819 233 1919 286 τὸν

229 320 546 387 ἄνθρωπον.

341 408 426 460 31.
475 408 583 460 Καὶ
631 408 765 476 αὕτη
812 407 913 475 μέν
964 406 1115 460 ἐστιν
1159 408 1192 476 ἡ
1239 409 1426 477 πρώτη
1479 410 1612 471 θεὸς
1665 408 1735 476 ἣν
1786 409 1918 476 μετὰ

228 497 615 550 Ποτιδαιατῶν
654 495 863 560 ἐξεῖλον
902 495 961 548 ἐκ
1000 479 1320 559 Ποτιδαίοέ,
1363 495 1619 565 ἐξέβαλον
1658 498 1919 564 ἄντικρυς

184 607 203 638 5
229 587 317 639 καὶ
366 586 438 648 ὡς
483 588 750 654 πολεμίαν
804 583 1278 655 ἐξεπολιόρκησαν.
1334 584 1563 655 δευτέρα
1618 586 1678 639 δὲ
1731 586 1763 654 ἡ
1819 588 1918 654 Γῆ,

229 671 312 743 ἐφ’
353 671 415 743 ἧς
454 676 773 743 εἱστήκεσαν
821 675 873 726 οἱ
913 676 1118 744 μιαροί,
1156 676 1331 744 μήτηρ
1369 673 1459 727 καὶ
1500 675 1636 742 αὕτη
1675 682 1774 728 τοῦ
1807 684 1919 727 τῶν

228 763 546 834 ἀνθρώπων
586 763 783 831 γένους
822 761 912 815 καὶ
946 760 1086 817 οὖσα
1115 762 1206 816 καὶ
1239 762 1579 833 νομιζομένη.
1620 763 1755 831 αὕτη
1791 762 1917 830 μέν-

228 872 313 906 τοι
352 854 443 905 καὶ
483 851 694 920 δέχεται
741 853 926 920 πρώτη
976 851 1304 920 γινομένους
1349 853 1488 921 ἡμᾶς
1534 851 1625 905 καὶ
1668 854 1918 920 τελευτή-

229 955 428 1004 σαντας
458 941 686 1011 κρύπτει
717 942 819 1009 τὴν
850 941 1121 1010 ἀκοσμίαν
1153 949 1251 994 τοῦ
1282 941 1533 994 θανάτου
1565 941 1917 994 καλύπτουσα

163 1051 205 1082 ιο
229 1030 594 1099 εὐσχημόνως.
643 1028 760 1083 ἀλλ’
809 1035 1013 1099 οἴχεται
1053 1030 1145 1082 διὰ
1192 1030 1425 1092 τούτους
1471 1030 1561 1083 καὶ
1599 1030 1632 1098 ἡ
1672 1038 1767 1098 τῆς
1811 1031 1918 1098 Γῆς

227 1120 396 1188 χάρις.
436 1116 497 1172 ἐν
535 1127 651 1181 τοῖς
692 1119 903 1184 σώμασι
943 1117 1239 1172 κατέθεντο
1291 1119 1356 1171 τὰ
1397 1120 1618 1188 σώματα
1658 1118 1748 1172 καὶ
1787 1120 1917 1188 κενὴ

227 1208 327 1276 μὲν
367 1208 399 1275 ἡ
443 1210 540 1276 Γῆ,
580 1205 768 1276 μεστοὶ
810 1206 857 1260 δ’
885 1209 963 1274 ,οἱ
1001 1210 1194 1272 ζῶντες
1232 1217 1344 1260 τῶν
1383 1207 1801 1261 ἀποθανόντων.

339 1297 425 1349 32.
458 1298 564 1359 Τὰς
596 1294 656 1349 δὲ
687 1297 981 1366 Δήμητρος
1013 1297 1236 1365 χάριτας
1267 1297 1356 1349 καὶ
1390 1299 1575 1366 Κόρης
1607 1298 1654 1349 εἰ
1687 1296 1916 1365 λέγοιμι,

226 1389 284 1439 τί
317 1386 455 1455 πρὸς
493 1393 665 1438 ταῦτα
702 1387 982 1454 φήσουσιν
1021 1386 1074 1437 οἱ
1113 1392 1208 1453 τῆς
1247 1387 1542 1455 Δήμητρος
1589 1384 1757 1450 ξένοις
1808 1392 1917 1439 ποῦ

161 1493 203 1526 15
229 1471 290 1527 δὲ
330 1474 358 1528 ὁ
400 1475 601 1536 Κελεὸς
640 1474 797 1542 ὑμῑν;
836 1481 944 1526 ποῦ
985 1471 1046 1526 δὲ
1087 1473 1115 1526 ὁ
1163 1476 1550 1542 Τριπτόλεμος;
1602 1474 1918 1543 ἀντιθῶμεν

228 1565 322 1625 τὰς
368 1562 500 1633 παρ’
548 1563 683 1630 ὑμῖν
729 1561 956 1616 ἐκείνων
1008 1571 1126 1624 ταῖς
1178 1561 1304 1632 παρ’
1363 1562 1519 1629 ὑμῶν
1565 1572 1808 1632 τροφαῖς.
1865 1565 1923 1616 τί

229 1648 332 1705 οὖν
371 1649 450 1705 ἔτι
487 1653 664 1719 βωμοὶ
703 1661 815 1705 τῶν
852 1657 1005 1704 θεῶν
1044 1652 1278 1714 τούτων;
1317 1654 1375 1704 τί
1410 1648 1470 1704 δὲ
1502 1651 1793 1720 ἑκατόμβαι
1825 1650 1916 1704 καὶ

227 1743 458 1804 τελεταί;
507 1741 572 1793 οὐ
620 1748 790 1793 ταῦτα
836 1741 1013 1793 πάντα
1061 1738 1326 1810 ἀνῄρηται
1372 1748 1480 1793 νῦν
1518 1739 1580 1793 ἐν
1619 1741 1916 1810 Ποτιδαίᾳ;

230 1826 307 1882 ὧν
354 1832 458 1899 γὰρ
507 1830 608 1882 οὐκ
657 1829 927 1899 ἐτήρησαν
972 1831 1068 1892 τὰς
1114 1830 1335 1899 χάριτας
1382 1828 1465 1898 ἐφ’
1514 1822 1600 1892 αἷς
1646 1831 1702 1882 αὶ
1748 1830 1916 1898 τιμαί,

162 1938 204 1971 20
228 1919 440 1971 τούτων
479 1916 611 1971 οὐδὲ
650 1920 744 1981 τὰς
782 1920 941 1987 τιμὰς
980 1918 1162 1981 αὐτάς.

348 2055 373 2092 5
407 2049 548 2092 Thuc.
574 2049 595 2091 Ι
621 2055 719 2103 131,
740 2055 785 2102 1;
822 2054 919 2101 134,
938 2054 962 2091 2
1087 2054 1110 2092 6
1143 2049 1307 2092 Aesch.
1341 2049 1490 2092 Prom.
1519 2053 1574 2090 90

348 2157 372 2194 3
407 2153 432 2207 ἡ
467 2153 620 2208 πρώτη
654 2152 682 2208 ἡ
715 2153 829 2203 θεὸς
854 2154 916 2196 Μ
1031 2157 1058 2195 4
1099 2152 1178 2195 καὶ
1217 2153 1326 2196 ante
1365 2149 1580 2208 ἐξέβαλον
1620 2151 1917 2196 inserendum

229 2211 334 2254 coni
359 2210 514 2255 Gasda
542 2219 547 2267 ι
576 2211 793 2266 ἄντικρυς
823 2212 1008 2268 reposui
1041 2225 1066 2255 e
1093 2211 1226 2254 libris
1288 2212 1507 2265 ἀντικρὺς
1531 2211 1620 2254 edd
1646 2210 1702 2255 cf.
1727 2226 1773 2267 p.
1801 2215 1870 2264 27,
1888 2215 1915 2254 5

348 2275 373 2313 5
406 2269 742 2326 ἐπολιόρκησαν
769 2271 887 2315 GrH
892 2272 975 2315 VB
1004 2271 1008 2326 Ι
1039 2270 1064 2326 ἡ
1100 2273 1166 2325 Γῆ
1192 2297 1246 2302 -
1275 2274 1329 2313 10
1362 2269 1650 2327 εὐσχημόνως
1674 2270 1791 2314 citat
1814 2270 1916 2314 Ma·

229 2329 380 2372 carius
413 2329 491 2373 fol.
519 2334 599 2373 87v
720 2335 745 2372 6
779 2328 852 2385 ἐφ’
886 2356 938 2360 -
965 2326 1125 2383 μιαροί
1156 2342 1229 2371 om
1262 2329 1420 2371 Macar
1458 2333 1463 2384 Ι
1507 2326 1561 2383 ἧς
1592 2330 1639 2372 in
1671 2329 1744 2372 lac
1777 2335 1802 2372 2
1834 2328 1916 2372 litt

229 2401 303 2431 om
329 2390 373 2432 B
435 2385 504 2438 οἷς
539 2388 651 2434 ViCl
683 2391 689 2445 Ι
725 2387 991 2442 εἱστήκεσαν
1024 2387 1188 2444 scripsi
1221 2401 1245 2430 e
1279 2388 1475 2432 VVz‘Ma
1548 2387 1831 2442 εἱστήκεισαν
1863 2389 1922 2432 Η

230 2448 393 2492 ΜΒΟΖ
416 2448 506 2490 edd
569 2448 797 2504 scriptura
821 2447 867 2489 in
897 2448 955 2491 Cr
978 2461 1143 2502 parum
1169 2449 1296 2489 certa
1321 2447 1377 2490 cf.
1403 2449 1435 2490 t.
1454 2447 1516 2489 IV
1535 2452 1633 2501 371,
1654 2452 1705 2490 19
1735 2451 1740 2500 Ι
1769 2446 1914 2504 μήτηρ

228 2506 309 2549 καὶ
340 2505 477 2564 αὕτη]
510 2506 654 2563 μήτηρ
688 2505 738 2551 δὲ
771 2507 849 2549 καὶ
881 2506 997 2562 αὐτὴ
1027 2520 1051 2548 e
1082 2505 1171 2548 Par
1200 2504 1355 2549 Gasda
1416 2506 1466 2550 δὲ
1508 2507 1586 2550 καὶ
1619 2506 1734 2562 αὐτὴ
1767 2505 1913 2563 μήτηρ

229 2564 387 2608 Macar
436 2570 441 2621 1
492 2566 608 2618 αὐτὴ
635 2567 740 2610 HV
795 2565 1024 2621 scriptura
1054 2565 1102 2607 in
1133 2563 1193 2608 Cr
1223 2578 1389 2619 parum
1422 2568 1548 2608 certa
1685 2569 1708 2608 7
1742 2565 1834 2609 ἔστι
1867 2565 1916 2608 et

230 2622 462 2679 νομίζεται
497 2625 655 2668 Macar
777 2629 802 2667 8
835 2624 1044 2678 πρώτους
1067 2624 1112 2666 Β
1155 2625 1161 2679 1
1204 2622 1479 2681 γενομένους
1502 2626 1548 2669 Β
1620 2622 1916 2681 γεινομένους

229 2681 387 2726 Macar
510 2689 562 2726 13
595 2682 734 2740 κόρης
761 2686 850 2728 Μα
882 2683 963 2726 sed
995 2699 1022 2739 η
1054 2682 1103 2724 in
1133 2695 1208 2725 ras
1240 2683 1309 2724 m³
1336 2686 1340 2739 Ι
1371 2683 1412 2726 εἰ
1441 2683 1566 2726 inser
1591 2682 1702 2727 Ma⁸
1762 2695 1834 2725 om
1862 2681 1916 2726 Ol

234 2742 238 2799 Ι
273 2741 449 2798 λέγοιμι
483 2744 539 2787 Vi
562 2743 641 2786 sed
667 2760 749 2799 μεν
775 2756 988 2798 suprascr
1010 2741 1080 2783 m²
1202 2746 1254 2784 15
1284 2743 1419 2798 ῃὺμῖν
1447 2743 1624 2786 videtur
1648 2742 1910 2785 delendum“

229 2844 297 2888 Re
357 2845 484 2900 ὑμῶν
510 2846 556 2889 Β
694 2851 746 2890 16
779 2819 908 2902 ήμῶν
936 2845 1026 2888 Ma
1096 2843 1225 2900 ἡμῶν
1260 2844 1310 2888 ΟΖ
1448 2849 1499 2887 17
1545 2843 1791 2902 ἑκατόμβοι
1824 2844 1914 2888 Μα

231 2903 311 2946 sed
337 2921 386 2947 αι
411 2918 624 2959 suprascr
646 2905 716 2947 111³
839 2908 891 2947 18
925 2902 1079 2947 πάντα
1110 2910 1257 2946 ταῦτα
1288 2903 1545 2958 ἀνήρηνται
1567 2905 1613 2947 B
