2010 3168
230 109 303 162 50
809 111 967 156 GREG
975 111 1099 156 ORJI
1131 111 1331 157 CYPRII

342 268 390 313 p.
419 253 523 300 124
557 258 643 300 τοῦ
684 251 834 300 αὐτοῦ
869 249 1108 317 ἐγκώμιον
1139 251 1209 310 εἰς
1241 250 1331 315 τὴν
1371 253 1628 302 θάλασσαν
1659 253 1820 303 εἴτουν
1851 254 1921 314 εἰς

230 324 320 388 τὴν
353 333 438 374 τοῦ
469 325 692 375 καθόλου
723 333 811 374 τοῦ
843 325 1024 384 ὕδατος
1055 325 1211 387 φύσιν
1245 321 1306 374 ‘i‘
1340 327 1367 385 ζ

341 417 385 462 p.
416 401 521 449 130
554 407 639 448 τοῦ
673 398 825 448 αὐτοῦ
857 400 1002 465 χρεία.
1065 400 1165 448 Inc.
1198 399 1496 465 Σωκράτους
1536 398 1624 464 μὲν
1659 399 1919 466 ἐπαινέτην

228 467 365 536 οἶμαι
387 474 546 522 πάντα
562 473 828 537 πρόθυμον
851 468 978 522 εἶναι
995 469 1093 540 (ed.
1112 473 1414 523 Boissonade
1430 476 1613 523 Anecd.
1630 493 1701 539 gr.
1717 476 1770 524 Π
1787 471 1919 543 269)

338 566 384 611 p.
414 550 516 596 132
559 555 644 596 τοῦ
684 547 835 596 αὐτοῦ
878 545 1067 610 μελέτη·
1109 547 1415 613 φιλαργύρου
1453 553 1570 608 παῖς
1607 557 1694 598 τοῦ
1737 550 1920 617 πατρὸς

227 621 380 670 αὐτοῦ
413 621 714 685 νοσήσαντος
747 619 926 684 ηὔξατο
951 621 1188 670 τάλαντον
1212 626 1278 689 τῷ
1311 621 1387 670 διῒ
1411 620 1704 689 ἀναθήσειν,
1735 623 1780 673 εἰ
1801 623 1917 690 ὑγιῆ

226 694 468 760 ἀπολάβοι
500 696 584 746 τὸν
615 693 810 762 πατέρα.
846 693 871 744 ὀ
903 692 955 744 δὲ
986 693 1263 761 ἀνενεγκὼν
1286 694 1610 762 ἀποκηρύττει
1632 696 1716 747 τὸν
1749 687 1917 749 παῖδα.

226 772 492 833 μελετῶμεν
533 768 585 819 δὲ
617 768 701 818 τὸν
738 769 906 818 παῖδα.
954 763 1184 836 (Initium
1221 769 1376 819 edidit
1408 768 1463 819 O.
1495 772 1661 820 Miller
1692 770 1919 837 Gregorii

226 844 398 907 Cyprii
429 844 725 893 declamatio
756 844 961 905 inedita,
995 843 1175 892 Olsnae
1211 837 1430 907 1890'p.
1458 839 1642 911 4-8.)

333 935 380 981 p.
402 919 503 967 151
531 918 590 967 οἱ
609 917 991 967 ποτιδαιάται
1015 916 1281 981 ἀλλήλων
1305 916 1621 983 ἐγεύσαντο
1646 916 1740 968 ὑπ’
1764 918 1916 985 ἀθη-

226 993 408 1042 ναίων
453 992 978 1059 πολιορκούμενοι·
1035 990 1130 1040 καὶ
1185 992 1519 1058 γράφονται
1573 991 1918 1058 ἀθηναίους

221 1064 496 1131 ἀσεβείας
519 1067 849 1133 κορίνθιοιι
867 1064 1159 1130 ἀθηναῐοι
1183 1063 1742 1135 ἀπολογούμενοι(ἱῐι
1760 1086 1915 1133 marg.

217 1134 380 1207 rubr.)

331 1233 378 1278 p.
407 1217 510 1263 165
545 1215 821 1278 φιλόσοφος
852 1213 1079 1263 ἀνελθὼν
1111 1213 1180 1272 εἰς
1211 1212 1478 1280 ἀκρόπολιν
1509 1213 1590 1264 καὶ
1629 1217 1800 1276 πείσας
1831 1216 1917 1266 τὸν

219 1290 465 1352 τύραννον
504 1287 790 1338 ἀποθέσθαι
829 1287 919 1352 τὴν
958 1287 1114 1354 ἀρχὴν
1153 1287 1235 1336 καὶ
1274 1288 1365 1353 τὴν
1404 1287 1482 1337 ἐπὶ
1525 1290 1679 1360 τούτῳ
1727 1290 1916 1357 δωρεὰν

220 1363 369 1412 αἰτῶν
400 1361 692 1428 ἀντιλέγεται
725 1379 837 1412 cum
860 1363 1146 1426 protheoria
1163 1359 1311 1427 Ὅρος
1335 1360 1423 1426 μὲν
1446 1362 1500 1411 τὸ
1526 1364 1685 1429 παρὸν
1710 1364 1915 1430 ζήτημα,

219 1431 323 1485 ἀλλ’
371 1436 668 1503 ἕτερορεπές,
717 1455 867 1500 quam
915 1438 1084 1486 omisit
1130 1438 1288 1485 Maur.
1332 1437 1555 1486 Schmidt
1600 1439 1649 1486 in
1699 1440 1915 1490 editione

220 1505 391 1577 (Ienae
428 1507 594 1578 1876)
627 1530 673 1575 p.
703 1514 768 1560 12
789 1527 858 1574 sq.

328 1603 375 1647 p.
413 1589 515 1634 177
565 1593 652 1635 τοῦ
699 1585 852 1635 αὑτοῦ
904 1584 1244 1652 ἀντιρρητικὸς
1290 1584 1412 1634 κατὰ
1458 1593 1555 1634 τῶν
1601 1593 1688 1635 τοῦ
1734 1585 1914 1651 βέκκου

218 1660 548 1723 βλασφημιῶν

330 1751 374 1795 p.
403 1736 506 1782 205
534 1741 621 1782 τοῦ
646 1735 934 1796 σοφωτάτου
961 1734 1170 1798 μεγάλου
1195 1731 1461 1798 λογοθέτου
1486 1740 1575 1782 τοῦ
1600 1733 1914 1797 μουζάλωνος

218 1805 553 1873 ἀντιρρητικὸς
584 1807 705 1856 κατὰ
736 1815 834 1857 τῶν
866 1815 952 1856 τοῦ
985 1806 1164 1871 βέκκου
1196 1808 1525 1872 βλασφημιῶν

320 1899 367 1944 p.
395 1885 499 1931 216
534 1890 620 1931 τοῦ
653 1881 806 1931 αὐτοῦ
839 1880 1109 1947 ἀγιωτάτου
1141 1881 1439 1946 πατριάρχου
1464 1888 1620 1946 πυροῦ
1645 1883 1911 1948 γρηγορίου

216 1962 303 2004 τοῦ
333 1956 546 2022 κυπρίου
578 1955 725 2019 τόμος
763 1955 873 2020 περὶ
911 1955 1159 2020 εὐσεβείας
1198 1953 1472 2019 ἀναθέματι
1512 1955 1911 2020 καθυποβάλλων

215 2029 402 2089 πάντας
432 2028 547 2088 τοὺς
572 2029 869 2095 βλάσφημον
892 2034 1107 2095 γλῶτταν
1131 2028 1309 2094 θήγειν
1333 2032 1609 2091 τολμῶντας
1634 2028 1755 2078 κατὰ
1784 2034 1910 2080 θεοῦ

320 2104 416 2152 des.
434 2121 482 2166 p.
499 2107 603 2153 227
622 2105 786 2153 verbis
809 2111 906 2152 τῶν
931 2102 1154 2168 ἀμοιβῶν
1178 2101 1299 2151 κατὰ
1323 2102 1375 2152 τὸ
1401 2101 1674 2168 ὑπόδειγμα
1698 2104 1908 2169 τύχωσιν

325 2196 372 2240 p.
402 2180 503 2226 235
539 2176 784 2227 ἐπιστολαὶ
816 2178 1087 2243 φαλάριδος
1117 2177 1364 2242 τυράννου
1396 2174 1767 2242 ἀκραγαντίνων
1813 2217 1819 2224 .

326 2269 371 2314 p.
402 2253 505 2300 253
532 2250 776 2301 ἐπιστολαὶ
807 2260 893 2301 τοῦ
926 2251 1213 2314 σοφωτάτου
1236 2249 1318 2299 καὶ
1342 2248 1611 2315 ἀγιωτάτου
1635 2250 1717 2299 καὶ
1742 2252 1907 2300 οἰκου-

217 2333 418 2387 μενικοῦ
450 2326 748 2392 πατριάρχου
781 2333 936 2391 κυροῦ
968 2325 1234 2391 γρηγορίου
1267 2332 1354 2373 τοῦ
1387 2325 1613 2390 κυπρίου.
1662 2325 1909 2374 Desinunt

214 2399 299 2448 fol.
327 2401 472 2447 355⁹.

328 2474 409 2522 fol.
439 2475 569 2523 356*
601 2472 655 2522 ἐκ
686 2480 773 2521 τοῦ
805 2470 948 2537 ἁγίου
980 2472 1143 2521 νείλου
1177 2467 1239 2520 *4²
1273 2471 1318 2520 εἰ
1347 2469 1436 2533 μὲν
1467 2471 1519 2520 ἐκ

330 2549 460 2595 357V
484 2554 570 2595 τοῦ
595 2545 748 2596 αὑτοῦ
772 2544 1042 2611 ἆγιωτάτου
1070 2546 1367 2610 πατριάρχου
1391 2546 1682 2612 παραίτησις
1707 2541 1768 2595 ‘i‘
1790 2541 1904 2609 Ἐμὲ

215 2619 561 2685 προύβίβασαν
594 2621 662 2679 εἰς
692 2620 777 2669 τὸν
809 2619 1012 2684 θρόνον.

327 2694 583 2743 Correctus
617 2697 691 2743 est
720 2710 871 2741 manu
903 2693 1115 2742 secunda
1147 2695 1335 2755 primae
1367 2695 1604 2755 proxima.

326 2769 469 2815 Alter
499 2769 649 2817 codex
680 2771 755 2816 est

325 2841 657 2890 Vaticanus
690 2859 760 2905 gr.
789 2842 891 2890 933
928 2835 1021 2906 (=
1050 2835 1114 2907 V)
1142 2857 1264 2889 saec.
1289 2841 1408 2888 XIV
1431 2841 1514 2889 fol.
1544 2842 1663 2889 336.
1698 2840 1768 2888 Cf.
1793 2844 1827 2888 t.
1855 2841 1902 2886 V

214 2933 261 2977 p.
289 2917 392 2963 292
414 2931 484 2977 sq.
549 2914 804 2963 Correctus
839 2916 913 2963 est
942 2931 1093 2962 manu
1127 2915 1350 2962 secunda.
