2010 3168
168 102 597 149 DEMOSTHENTS
628 101 709 146 DE
741 101 868 146 ΔΒΑ
898 99 1371 145 MISERICORDIAE
1404 98 1627 143 ORATIO
1691 99 1799 152 353

104 247 184 313 τῷ
224 242 476 312 Φιλίππῳ
523 239 807 308 πρόφασιν
852 238 931 300 εἰς
975 236 1036 289 τὸ
1087 235 1405 306 μέμφεσθαι
1458 235 1558 288 τὸν
1605 236 1800 305 δῆμον,

105 330 207 382 τὸν
230 328 419 397 βωμὸν
448 325 713 389 ἀντέταξα
742 334 858 388 τοῖς
887 326 1238 378 Μακεδόνων
1260 326 1448 393 λόγοις
1474 323 1566 377 καὶ
1583 329 1800 394 μᾶλλον

104 419 336 487 εἱλόμην
375 415 602 480 ἀνάξιον
640 414 882 485 ἐμαυτοῦ
914 422 1092 483 σχῆμα
1122 412 1460 483 περιθέσθαι
1499 414 1590 466 καὶ
1628 419 1800 481 καθῆ-

103 511 246 559 σθαι
282 505 421 574 πρὸς
461 506 629 575 ἱεροῖς
670 503 847 572 ἱκέτης
884 503 918 573 ἢ
958 504 1156 556 δοῦναι
1202 511 1319 565 τοῖς
1367 501 1623 556 τάκείνου
1665 523 1801 573 φρο-

107 601 305 647 νοῦσιν
359 593 614 662 ἐπιτιμᾶν
658 594 806 662 ὑμῖν.
872 592 956 646 10.
1004 591 1109 660 ἐγὼ
1160 589 1262 661 μὲν
1308 593 1376 660 δὴ
1428 592 1647 655 τούτοις
1684 601 1801 655 τοῖς
1848 613 1867 646 5

103 687 390 752 ,λογισμοῖς
451 681 539 736 ἐπὶ
604 683 703 736 τὸν
764 682 955 752 βωμὸν
1014 678 1258 751 ἔδραμον
1320 679 1410 734 καὶ
1473 689 1802 751 παραχρῆμα

107 770 304 826 πολλοὶ
342 773 816 841 περιειστήκεισαν
855 770 1154 840 ἐπιτήδειοι
1192 769 1283 823 καὶ
1323 780 1627 839 συγγενεῖς,
1666 771 1801 823 πάν-

101 880 210 929 τες,
250 857 292 914 ὦ
333 865 632 929 Ἀθηναῖοι,
671 861 1003 930 δακρύοντες
1043 859 1280 930 ὁρῶντες
1319 859 1418 932 οἵῳ
1463 861 1646 930 τρόπῳ
1686 863 1801 928 Δη-

99 948 386 1019 μοσθένης
424 950 720 1018 Ἀθήνησιν
752 947 972 1019 ἐχθρῶν
1005 949 1295 1017 διαφεύγει
1332 956 1534 1017 χεῖρας,
1573 950 1802 1018 ἔμελλον

103 1037 169 1092 δε
209 1039 314 1107 ἄρα
353 1038 491 1107 μηδὲ
522 1037 667 1091 οὕτω
701 1036 1113 1107 διαφεύξεσθαι.
1152 1037 1391 1105 τοσαύτη
1425 1058 1506 1101 τις
1536 1033 1607 1106 ἧν
1635 1037 1802 1108 ὑπερ-
1827 1060 1870 1092 10

102 1127 245 1196 βολὴ
290 1135 386 1196 τῆς
433 1127 562 1196 ε’μῆς
608 1128 920 1196 δυστυχίας.
970 1126 1044 1189 ὡς
1089 1127 1195 1196 γαρ
1236 1123 1394 1180 εἷπον
1432 1127 1535 1196 μὲν
1574 1128 1633 1179 οι
1673 1125 1801 1197 πρέ-

104 1219 259 1284 σβεις
297 1212 437 1286 ὑπὲρ
478 1211 558 1269 ὧν
596 1211 750 1284 ἧκον,
791 1225 1057 1270 συνεῑπον
1097 1213 1158 1268 δὲ
1197 1215 1385 1278 αὐτοῖς
1424 1217 1483 1268 οἱ
1516 1216 1693 1269 πολλὰ
1733 1217 1801 1286 δὴ

102 1306 491 1374 συνειρηκότες
523 1305 827 1373 Μακεδόσι,
865 1314 978 1357 τῶν
1016 1301 1078 1357 δὲ
1109 1304 1280 1357 ταύτά
1311 1325 1404 1374 μοι
1440 1304 1447 1375 Ι
1482 1324 1619 1374 φρο-
1665 1310 1788 1355 RIV
1805 1314 1889 1354 257

107 1394 361 1448 νούντων
407 1393 436 1447 ὁ
491 1395 666 1463 φόβος
720 1393 982 1464 ἀφῃρεῖτο
1037 1394 1138 1462 τὴν
1186 1395 1407 1462 φωνήν,
1460 1395 1690 1463 ἤγγελλε
1741 1394 1807 1448 δέ

103 1502 190 1546 τις
244 1485 323 1546 εἰς
375 1483 474 1537 τὸν
521 1483 699 1552 δῆμον
743 1481 1122 1551 Δημοσθένην
1175 1484 1275 1536 τὸν
1322 1481 1599 1536 Παιανιέα
1644 1503 1801 1538 κατα·
1826 1504 1869 1537 15

101 1571 444 1642 πεφευγέναι
497 1573 635 1642 πρὸς
679 1573 779 1625 τὸν
818 1570 1009 1625 Ἐλέου
1059 1574 1273 1641 βωμόν,
1327 1571 1705 1642 ἐψηφίσασθε,
1760 1569 1802 1626 ὦ

107 1665 404 1729 Ἀθηναῖοι,
442 1662 503 1714 τὸ
543 1669 805 1729 γενναῖον
850 1659 1028 1714 ἐκεῖνο
1076 1663 1334 1730 ψήφισμα
1379 1661 1613 1730 μάταιον
1658 1658 1803 1715 εἶναι

107 1751 210 1819 τὴν
249 1751 501 1819 ἱκετείαν,
553 1755 726 1821 λῆρον
763 1752 866 1819 τὴν
904 1751 1167 1820 τοιαύτην
1206 1750 1554 1821 ἐπικουρίαν,
1593 1749 1803 1819 γέλωτα

103 1839 206 1892 τὸν
243 1839 366 1909 περὶ
406 1847 507 1892 τοῦ
546 1842 737 1908 βωμοῦ
777 1842 964 1908 νόμον.
1003 1848 1175 1893 ταῦτα
1212 1841 1318 1910 γὰρ
1357 1840 1538 1893 πάντα
1576 1839 1710 1909 ἐνῆν
1742 1840 1802 1892 έν

102 1935 182 1998 τῷ
225 1928 345 1980 δεῖν
384 1927 638 1980 ἀποσπᾶν
673 1927 763 1981 καὶ
797 1929 1015 1982 διδόναι
1054 1937 1170 1992 τοῖς
1200 1927 1564 1998 βουλομένοις
1595 1932 1801 1998 λαβεῖν.
1828 1951 1869 1982 εο

111 2017 195 2068 11.
246 2013 427 2084 ἦλθον
480 2018 538 2070 οἱ
587 2017 805 2081 τοξόται
856 2017 1140 2086 τρέχοντες
1194 2017 1300 2071 ἀπὸ
1354 2026 1451 2087 τῆς
1498 2017 1801 2086 ἐκκλησίας,

229 2152 252 2191 1
292 2155 355 2206 τῷ
385 2161 460 2191 om
484 2148 594 2192 Lau
643 2150 649 2203 Ι
698 2156 760 2192 τῶ
792 2148 922 2204 δήμω
947 2150 1057 2193 Lau
1201 2154 1226 2192 2
1271 2146 1527 2205 μακεδόνος
1553 2150 1661 2193 Lau

106 2213 136 2250 3
168 2206 362 2260 ἀνάξιον
398 2208 466 2251 Va
498 2207 580 2250 sed
610 2207 706 2251 ἀνα
736 2206 787 2250 in
817 2222 894 2251 ras
926 2208 996 2250 m²
1023 2212 1028 2263 Ι
1058 2207 1238 2263 ἐμαυτῶ
1262 2215 1415 2265 χρῆμα
1441 2210 1531 2253 Ma
1651 2212 1679 2250 4
1706 2215 1803 2259 τοῖς

111 2268 220 2310 ante
244 2266 384 2321 ἱεροῖς
409 2266 525 2310 VaB
537 2267 705 2311 ViLau
766 2266 927 2325 ἱεροῖς]
952 2268 1113 2319 αὐτοῖς
1135 2267 1185 2311 in
1207 2281 1283 2311 ras
1310 2267 1371 2312 V‘
1493 2272 1517 2311 7
1547 2266 1802 2323 περιειστή-

104 2369 268 2399 κεισαν
303 2356 371 2400 Va
430 2354 786 2409 περιεστήκεσαν
810 2356 914 2424 3302
1055 2361 1082 2400 8
1114 2352 1149 2400 ὦ
1183 2358 1411 2413 ἁθηναῖοι
1442 2357 1553 2400 ante
1585 2355 1667 2415 οἴῳ
1692 2357 1801 2400 Lau

229 2419 254 2458 9
288 2414 472 2471 ἔμελλον
508 2415 575 2459 Va
606 2414 688 2457 sed
719 2430 774 2458 ov
806 2415 856 2458 in
887 2428 962 2459 ras
994 2415 1065 2459 m'
1140 2416 1293 2472 ἔμελλε
1326 2417 1385 2460 Vi
1526 2420 1582 2460 10
1614 2403 1672 2472 δὴ
1706 2416 1757 2460 Ol
1792 2416 1795 2457 Ι

108 2502 170 2575 μῂ
188 2501 239 2548 δὲ
257 2504 316 2547 H
320 2502 525 2547 VzMaCz
551 2505 557 2558 Ι
586 2489 937 2558 διαφεύξασθαι
956 2505 1025 2549 Va
1052 2508 1058 2560 Ι
1084 2503 1154 2556 τίς
1172 2506 1500 2551 OrHViMan
1622 2509 1674 2548 12
1693 2518 1802 2548 συν-

105 2559 296 2606 είποντο
322 2562 411 2605 Μα
442 2562 524 2605 sed
555 2562 605 2604 in
637 2569 858 2607 συνεῖπον
889 2577 991 2606 corr
1021 2563 1103 2620 m²‚
1138 2565 1190 2610 ol
1218 2570 1222 2620 Ι
1251 2564 1310 2621 δὴ
1342 2578 1419 2608 om
1445 2565 1502 2609 Vi
1560 2563 1687 2607 inser
1712 2562 1802 2607 Va²

230 2626 284 2664 13
317 2619 569 2677 μακεδόσιν
596 2621 655 2666 Gr
681 2623 687 2676 Ι
714 2638 860 2665 ταυτα
885 2622 956 2666 Va
980 2623 1061 2667 sed
1084 2637 1161 2667 ras
1193 2637 1335 2680 supra.
1363 2641 1392 2668 υ
1453 2622 1602 2667 ταῦτά
1630 2621 1800 2677 reliqui

109 2678 219 2723 libri
250 2679 352 2723 Mor
381 2680 450 2723 Re
573 2684 628 2722 14
655 2680 884 2753 ὑφῃρεῑτο
910 2683 1020 2726 Lau
1058 2685 1064 2739 Ι
1102 2681 1289 2740 ἤγγελλε
1321 2682 1488 2739 scripsi
1520 2696 1546 2726 ο
1574 2681 1798 2726 OrHGVa

114 2740 201 2782 Ma
261 2737 439 2796 ἤγγειλε
474 2740 578 2783 VVi
645 2738 803 2795 ἥγγελε
835 2741 1125 2796 WolfClLau
1157 2742 1250 2785 edd
1383 2747 1436 2786 15
1468 2738 1586 2797 πρὸς
1618 2741 1801 2785 VaBVi

115 2797 120 2855 ἢ
154 2796 540 2855 καταπεφευγότα
581 2798 647 2849 εἰς
683 2798 765 2843 τὸν
804 2807 887 2843 τοῦ
928 2799 1056 2845 ἐλέου
1083 2801 1229 2846 ΜαΟῑ
1372 2806 1426 2844 16
1469 2800 1552 2843 τὸν
1591 2814 1667 2843 om
1690 2800 1799 2843 Lau

233 2861 286 2899 17
318 2865 538 2912 γενναῖον
562 2857 611 2899 in
635 2871 710 2900 ras
743 2857 805 2903 V'
926 2864 980 2902 18
1013 2858 1192 2904 ἱκεσιαν
1220 2860 1264 2902 V
1381 2863 1435 2902 19
1467 2858 1595 2914 παρὰ
1620 2859 1728 2902 Lau
1753 2861 1800 2902 et

111 2931 166 2970 γρ
197 2914 247 2957 in
277 2929 412 2972 marg
441 2916 543 2959 Mor
662 2921 716 2960 21
750 2917 801 2962 ἐκ
825 2918 934 2962 Lau
964 2920 1013 2962 eb
1043 2936 1098 2974 γρ
1130 2918 1180 2962 in
1211 2932 1344 2975 marg
1373 2918 1476 2961 Mor

199 2997 397 3029 meus
422 2998 732 3031 ed.Foerste1-.
754 3000 822 3033 VI.
1389 2996 1443 3035 23
