2010 3168
130 111 412 157 PARASITI
443 111 523 156 DE
554 110 794 156 DOMINO
824 110 1331 155 PHILOSOPHANTE
1364 110 1647 164 QUERELA
1708 112 1815 166 609

135 247 356 318 ἑτέρους
395 248 495 301 ἴδω
536 247 850 316 μεθύοντας
889 246 1233 310 ἀναλύοντας
1265 245 1325 300 ἐκ
1362 249 1553 317 πότου,
1593 249 1817 319 διαρρή-

127 357 332 407 γνυμαι
370 344 445 407 τῷ
486 338 686 408 φθόνῳ
726 335 818 388 καὶ
864 337 960 398 τὰς
1000 334 1239 404 ἐμαυτοῦ
1287 335 1460 389 στένω
1510 339 1816 406 συμφοράς.

126 426 215 479 29.
254 424 438 488 οὐδεὶς
478 426 903 494 φιλάνθρωπος,
943 424 1127 486 οὐδεὶς
1166 423 1425 493 ἐλεήμων.
1481 424 1510 478 6
1557 422 1660 494 μὲν
1706 424 1815 494 ἐγέ-

127 520 294 568 λασεν
341 515 500 582 ἰδών,
541 513 570 566 6
610 513 656 565 δ’
707 512 936 582 ἐπενέβη
976 513 1272 583 πράττοντι
1318 523 1509 577 κακῶς.
1548 516 1597 568 εἰ
1636 514 1701 568 δέ
1734 535 1817 578 τις

127 601 303 667 δεξιὸς
357 603 455 656 τὸν
511 604 742 670 τρόπον,
796 603 923 672 ἄχρι
973 609 1072 655 τοῦ
1129 604 1695 673 φιλανθρωπεύεσθαι
1748 610 1821 676 τῷ
1863 625 1883 658 5

124 692 349 760 ῥήματι,
396 695 792 761 φιλανθρωπία
842 691 904 744 δὲ
954 692 1218 759 οἰκτεῖραι
1265 691 1577 761 πράττοντα
1621 702 1815 761 κακῶς,

126 781 214 834 ἐπὶ
243 783 416 834 πότον
448 778 510 834 δὲ
540 780 766 834 καλέσαι
797 779 830 846 ἢ
865 778 1110 834 ἑστίασιν
1149 781 1335 843 οὐδεὶς
1374 780 1692 849 ἐπιτήδειος.

235 869 321 922 30.
361 871 506 922 Δότε
543 890 637 936 μοι
675 871 777 938 τὴν
815 870 995 939 χάριν,
1035 870 1173 922 δότε.
1212 869 1432 937 ὀρέξατε
1469 871 1530 923 τὸ
1569 871 1815 924 κώνειον.

123 959 331 1027 ταύτην
383 979 477 1026 μοι
531 960 789 1028 προπίνει
843 959 945 1027 τὴν
1000 960 1330 1027 φιλοτησίαν
1384 959 1416 1027 ἡ
1478 959 1642 1028 Τύχη.
1697 958 1815 1028 ἐμοὶ

122 1050 297 1116 μήτηρ
353 1048 456 1100 οὐκ
509 1048 661 1100 ἔστιν
715 1045 835 1100 οὐδ’
884 1046 913 1100 6
961 1048 1232 1115 γεννήσας
1284 1044 1365 1100 ἔτι
1419 1049 1815 1116 καταλείπεται,
1839 1070 1882 1102 10

124 1136 191 1189 οὐ
231 1137 504 1205 συγγενὴς
544 1136 744 1204 οὐδείς,
785 1136 850 1189 οὐ
892 1139 1055 1204 φίλος
1095 1135 1210 1189 ἐστὶ
1250 1138 1454 1198 λοιπός.
1495 1136 1562 1190 ὃν
1601 1135 1650 1188 δ’
1690 1135 1814 1190 ἀντὶ

122 1226 345 1278 πάντων
385 1221 536 1294 εἶχον
575 1229 890 1293 φιλοσοφεῖ,
927 1226 990 1278 τὸ
1030 1221 1078 1276 δ’
1127 1230 1250 1277 ἴσον
1290 1226 1482 1293 εἰπεῖν,
1522 1221 1686 1288 οὗτος
1722 1223 1814 1278 καὶ

123 1313 361 1383 τέθνηκέ
402 1334 509 1380 μοι.
557 1315 640 1376 τίς
686 1314 755 1382 δὴ
802 1313 1046 1383 γένωμαι
1091 1322 1186 1382 τῆς
1233 1318 1467 1376 παλαιᾶς
1517 1319 1816 1382 συνηθείας

124 1401 395 1471 ἑαλωκώς;
434 1412 549 1465 πῶς
587 1401 866 1470 ἐπαρκέσω
905 1405 1043 1472 πρὸς
1072 1403 1173 1472 τὴν
1211 1404 1400 1473 χρείαν
1432 1401 1648 1475 ἐμαυτῷ
1684 1422 1814 1473 τρυ-

123 1500 238 1561 φᾶν
275 1493 628 1560 μεμαθηκώς,
669 1490 883 1545 ἐσθίειν
922 1493 1000 1555 εἰς
1036 1494 1229 1561 κόρον,
1271 1496 1456 1545 πίνειν
1495 1494 1573 1554 εἰς
1610 1490 1814 1561 μέθην;
1837 1514 1879 1546 15

123 1582 156 1649 ἡ
195 1583 402 1650 γαστὴρ
457 1579 559 1649 μὲν
610 1581 830 1634 ἀπαιτεῖ
879 1582 981 1650 τὴν
1035 1583 1368 1650 συνήθειαν,
1423 1582 1452 1635 6
1503 1582 1702 1634 δώσων
1755 1579 1816 1633 δ’

122 1670 227 1723 οὐκ
265 1668 394 1724 ἔστι.
441 1669 639 1739 τέχνην
685 1667 732 1722 δ’
781 1670 884 1723 οὐκ
930 1673 1060 1740 ἔχω,
1116 1667 1247 1723 οὐδὲ
1301 1671 1406 1739 γὰρ
1455 1672 1667 1739 ἔμαθον
1712 1670 1815 1738 τὴν

241 1835 269 1873 4
301 1830 358 1875 cf.
377 1846 422 1887 p.
441 1835 601 1886 653‚8;
627 1832 660 1874 t.
678 1831 699 1873 Ι
718 1835 883 1885 128‚12
910 1845 947 1876 c.
966 1830 1106 1875 schol.
1234 1835 1286 1874 12
1312 1831 1431 1875 Plat.
1455 1830 1628 1874 Phaed.
1647 1845 1690 1887 p.
1710 1829 1812 1873 67Ε

244 1984 266 2022 1
311 1979 602 2030 ἀναλύοντας
639 1978 813 2022 inserui
845 1991 870 2023 e
900 1979 1033 2023 h‘bris
1072 1993 1176 2022 cum
1208 1978 1517 2023 Boissonadio
1550 1977 1723 2021 Anecd.
1748 1976 1813 2020 IV

124 2042 208 2082 477
283 2051 359 2081 om
391 2037 482 2081 edd
531 2041 538 2094 1
586 2035 733 2082 τόπου
760 2039 849 2082 Μα
881 2039 962 2082 sed
991 2036 1138 2082 πότου
1171 2052 1386 2095 suprascr
1417 2037 1487 2081 m⁸
1535 2039 1542 2094 Ι
1591 2037 1672 2081 καὶ
1704 2037 1812 2079 ante

122 2095 465 2153 διαρρήγνυμαι
497 2097 622 2140 inser
647 2096 758 2141 Ma²
878 2103 904 2141 2
936 2105 1028 2142 τῶν
1061 2095 1260 2153 φθόνων
1287 2099 1375 2142 Μα
1406 2097 1487 2140 sed
1514 2097 1564 2140 in
1594 2099 1657 2155 τῷ
1690 2093 1811 2152 φθό-

124 2173 188 2215 νῳ
221 2170 323 2200 corr
352 2155 422 2199 m²
542 2161 569 2200 4
602 2155 654 2200 δὲ
678 2156 819 2201 HVG
847 2157 938 2200 edd
972 2158 978 2213 1
1014 2155 1206 2215 ἐπενέβη
1240 2157 1406 2213 scripsi
1438 2171 1544 2200 cum
1576 2154 1734 2198 Gasda
1765 2156 1813 2199 et

124 2215 297 2260 Cobeto
331 2214 431 2259 (2011
463 2219 548 2259 285
580 2215 671 2258 coll
701 2215 731 2259 1.
756 2215 785 2258 1.
866 2215 1066 2274 ἐπανέβη
1106 2215 1216 2259 libri
1247 2216 1339 2260 edd
1482 2221 1508 2259 6
1547 2213 1813 2270 πράττοντα

123 2274 289 2331 scripsi
319 2275 506 2318 auctore
538 2274 605 2319 Re
671 2273 922 2331 πράττοντι
950 2274 1061 2319 libri
1093 2275 1184 2318 edd
1326 2279 1352 2319 8
1384 2274 1469 2331 τὴν
1494 2301 1550 2305 -
1576 2278 1601 2316 9
1634 2289 1712 2329 μοι
1736 2286 1812 2316 om

123 2334 234 2376 Fen·
264 2333 366 2376 Mor
414 2335 419 2388 Ι
469 2332 519 2376 τὸ
551 2333 677 2376 inser
702 2333 813 2378 Ma²
956 2339 981 2377 9
1021 2331 1240 2389 προπίνει
1279 2334 1347 2378 Re
1430 2330 1662 2387 προτείνει
1699 2331 1812 2376 libri

122 2392 232 2436 Ferr
263 2392 364 2435 Mor
402 2392 483 2448 qui
519 2391 780 2449 προτείνειν
816 2400 870 2451 τῇ
908 2393 1022 2452 τύχῃ
1062 2394 1166 2437 coni
1215 2395 1221 2449 Ι
1270 2393 1355 2449 τὴν
1393 2392 1567 2436 inserui
1599 2405 1624 2435 e
1649 2391 1725 2435 La
1764 2394 1812 2435 ei}

122 2451 212 2494 Par
228 2455 341 2494 3017
361 2451 648 2508 (Boissonad.
667 2452 842 2496 Anecd.
859 2453 902 2496 V
922 2454 1022 2509 148)
1085 2466 1160 2496 om
1177 2454 1235 2497 H
1239 2452 1406 2497 VGMa
1430 2451 1520 2495 edd
1644 2455 1698 2493 10
1729 2448 1812 2506 μή-

120 2526 205 2566 τηρ
224 2511 299 2554 La
322 2511 403 2554 sed
428 2527 458 2565 μ
482 2510 531 2553 in
554 2523 630 2554 ras
653 2526 687 2555 n
713 2513 720 2566 Ι
748 2510 857 2556 οὐδὲ
877 2512 963 2556 Μα
1086 2517 1137 2555 11
1172 2513 1227 2556 οὐ
1239 2514 1299 2568 (2)
1325 2510 1490 2583 scripsi
1514 2524 1537 2553 e
1557 2511 1646 2554 Ma
1706 2508 1812 2553 οὔτε

124 2571 198 2614 La
277 2569 342 2613 ἔτι
366 2570 423 2613 Η
429 2570 507 2615 VO
542 2570 632 2613 edd
674 2571 806 2625 „fort
841 2572 920 2630 leq.
955 2571 1009 2615 οὐ
1050 2570 1284 2627 συγγενής.
1333 2572 1419 2614 οὐδ
1473 2566 1539 2619 εἷς
1580 2569 1645 2613 ἔτι
1677 2565 1813 2625 φίλος

125 2629 220 2673 ἐστὶ
253 2626 440 2679 λοιπός“
473 2629 541 2671 Re
603 2629 707 2673 οὔτε
740 2627 874 2686 φίλος
905 2629 971 2674 ἔτι
1000 2630 1163 2673 Iacobs
1195 2631 1307 2673 Lect
1338 2634 1392 2673 99
1422 2630 1428 2684 Ι
1455 2625 1615 2679 λοιπός
1646 2627 1811 2683 scripsi

122 2694 176 2730 ut
207 2687 312 2731 coni
342 2687 410 2730 Re
443 2688 490 2731 et
519 2687 682 2732 Iacobs
758 2689 923 2733 λοιπόν
955 2689 1163 2734 VLaMa
1195 2691 1242 2732 et
1274 2688 1377 2732 coni
1408 2687 1510 2730 Mor
1577 2689 1733 2730 λυπῶν
1759 2687 1819 2730 Η

125 2746 163 2790 Ο
190 2746 301 2789 Ferr
360 2747 505 2790 λιπών
536 2746 638 2790 Mor
668 2747 736 2791 Re
771 2748 777 2804 Ι
813 2747 865 2792 δὲ
892 2750 981 2792 Μα
1103 2753 1156 2791 12
1187 2752 1251 2807 τῷ
1277 2747 1382 2791 coni
1414 2746 1570 2790 Gasda
1596 2749 1603 2802 Ι
1642 2744 1700 2801 δὴ
1734 2759 1810 2789 om

123 2806 198 2850 La
259 2803 310 2849 δὲ
337 2806 425 2849 Ma
452 2808 457 2860 1
487 2801 588 2850 ἴσον
604 2806 747 2850 ΗΜα
770 2807 881 2850 Fert
941 2806 1026 2851 ὅσα
1050 2808 1126 2851 La
1152 2810 1158 2862 Ι
1187 2807 1321 2861 „fort
1347 2807 1427 2849 καὶ
1452 2801 1587 2854 οὗτος
1608 2802 1811 2861 τέθνηκέ

122 2880 200 2966 glazi
214 2869 322 2966 έαῖιῡ
361 2860 496 2965 opto?—
524 2863 868 2966 {ngfflzmg-
893 2870 1000 2921 μοι“
1032 2865 1204 2968 Ιαοῖὒὲ
1226 2865 1338 2966 Ιιὲοΐ,
1363 2869 1417 2908 99
1563 2868 1616 2906 13
1657 2861 1728 2915 τίς
1752 2889 1807 2895 —

236 2939 267 2965 α
294 2940 442 2977 ωκως;
495 2937 522 2966 a
585 2938 632 2966 m
663 2937 748 2968 con
773 2938 946 2968 ransse
978 2938 1112 2969 ccnse
1208 2937 1257 2968 as
1294 2938 1322 2967 a.

211 3005 406 3036 [nummus
431 3004 488 3036 ed.
506 3005 743 3037 Fosi-ster.
767 3007 833 3037 VI.
1399 3000 1453 3039 39
