2010 3168
158 139 439 185 PARASITI
469 139 549 184 DE
580 138 819 184 DOMINO
850 137 1355 184 PHILOSOPHANTE
1388 137 1671 192 QUERELA
1732 137 1840 191 603

152 279 391 345 βαθεῖαν
421 276 519 330 τὸν
553 275 560 345 Ι
595 277 768 329 πότον
798 272 912 328 ἔδει
951 277 1319 345 παρατείνειν,
1358 273 1448 327 ὅτι
1475 275 1664 344 καιρὸς
1710 278 1932 323 RIV222

151 363 405 418 ἀπέκειτο
443 362 536 417 καὶ
573 363 758 418 ὕπνου
799 364 999 426 ἱκανός.

269 453 350 506 19.
405 451 536 506 Ἀλλ’
601 452 807 521 ἀληθὲς
867 448 938 520 ἦν
990 453 1052 506 τὸ
1116 454 1417 521 λεγόμενον
1478 451 1564 506 ότι
1627 411 1848 521 φθόνος

151 541 483 595 ἀνθίσταται
521 550 639 604 τοῖς
680 544 870 604 καλοῖς
908 539 997 594 καὶ
1037 548 1239 611 νεμεσᾷ
1285 541 1347 594 τὸ
1396 541 1687 610 δαιμόνιον
1727 548 1846 603 ταῖς

150 630 476 700 εὐπραγίαις
514 638 632 693 ταῖς
671 630 813 699 ἄγαν
846 628 938 683 καὶ
969 630 1036 683 τὰ
1066 629 1397 702 ἀνθρώπινα
1430 629 1490 682 ἐν
1520 631 1847 699 μεταβολαῖς
1894 649 1914 682 5

152 717 404 781 ἐπιεικῶς
456 723 609 787 φιλεῖ
657 721 931 787 γίνεσθαι.
986 717 1126 787 λέγω
1175 715 1236 781 δὲ
1281 725 1453 772 ταῦτα
1501 718 1568 771 οὐ
1615 719 1682 771 τὰ
1737 716 1846 772 ἑτέ-

151 827 270 875 ρων
331 817 577 877 σκοπῶν,
647 807 786 861 ἀλλὰ
854 809 920 861 τὰ
988 806 1101 860 κατ’
1173 806 1413 876 ἐμαυτὸν
1481 809 1845 876 λογιζόμενος.

153 895 240 948 20.
278 899 547 966 τρόφιμος
590 895 798 960 ἐκεῖνος
837 896 867 950 6
905 897 1085 950 πάντα
1133 894 1252 965 ε’μοὶ
1298 896 1388 948 καὶ
1434 893 1559 948 ἀντὶ
1605 896 1846 964 πάντων,

150 984 181 1038 ὁ
228 985 326 1038 τὸν
372 988 500 1054 βίον
554 984 674 1055 ἐμοὶ
718 986 950 1054 ’ἥδιστον
1004 984 1341 1053 ἐπιδεικνύς,
1395 984 1423 1038 ὁ
1472 985 1767 1052 πλούσιος,
1816 984 1845 1038 ὁ

150 1076 472 1142 πολυτελής,
512 1074 541 1127 ὁ
575 1079 835 1128 πλουτῶν
866 1074 969 1144 οὐχ
999 1071 1166 1143 ἧττον
1198 1073 1336 1143 ἐμοί,
1377 1075 1513 1143 ὅλην
1544 1074 1646 1142 τὴν
1676 1074 1849 1142 τύχην
1873 1095 1916 1127 ιο

150 1163 362 1215 οἰκείαν
401 1161 559 1232 ἔχων,
599 1162 718 1216 ἀλλ’
756 1163 858 1216 οὐκ
898 1165 1002 1232 ἔχω
1044 1162 1073 1216 ὅ
1105 1164 1161 1215 τί
1195 1181 1327 1217 ποτε
1366 1172 1453 1231 φῶ
1489 1160 1616 1231 περὶ
1655 1161 1847 1229 αὐτοῦ,

153 1250 273 1318 ἐμοὶ
312 1249 414 1320 μὲν
453 1253 557 1322 γὰρ
598 1252 821 1321 οἴχεται,
861 1252 1054 1319 ἐμπνεῖ
1076 1248 1142 1305 Ἰδ’
1190 1250 1365 1323 ἑαυτῷ
1405 1253 1574 1323 μόνῳ.
1625 1251 1715 1304 καὶ
1756 1252 1848 1304 δο-

150 1349 235 1393 κεῖ
275 1343 371 1409 ζῆν
409 1339 499 1393 καὶ
539 1349 836 1411 περιεῖναι,
884 1340 983 1405 ἔξω
1025 1337 1087 1393 δὲ
1132 1348 1231 1394 τοῦ
1271 1341 1399 1408 βίου
1438 1341 1643 1402 παντός
1683 1339 1847 1393 ἐστιν.

151 1429 220 1482 οὐ
276 1429 553 1498 γυμνάσια
606 1437 809 1483 τοῦτον
862 1427 972 1498 ἔχει
1011 1459 1084 1467 -
1127 1428 1485 1499 ἄπόλωλεν;
1534 1429 1696 1498 ἤρετό
1750 1448 1847 1491 τις.

150 1526 315 1571 τοῦτο
354 1515 456 1587 μὲν
495 1519 724 1587 γεγονὸς
771 1517 840 1571 ἂν
880 1523 1026 1571 εἴποι
1064 1534 1167 1580 τις·
1218 1519 1292 1586 μή
1329 1535 1488 1586 ποτε,
1528 1513 1569 1570 ὦ
1608 1520 1742 1570 θεοί
1775 1547 1849 1556 -
1873 1538 1914 1571 15

152 1607 220 1659 οὐ
260 1605 360 1674 μὲν
398 1606 488 1660 καὶ
529 1607 754 1677 λουτρά,
795 1606 927 1660 οὐδὲ
960 1605 1020 1659 ἐν
1051 1608 1240 1669 πότοις
1272 1607 1571 1673 ἄνθρωπος
1602 1608 1682 1659 ἔτι
1722 1604 1842 1659 οὐδ’

276 1714 303 1751 4
335 1708 392 1752 cf.
426 1709 487 1752 ad
519 1724 562 1765 p.
590 1712 692 1763 579,
710 1712 735 1752 9
787 1711 793 1765 Ι
842 1708 949 1752 Her.
974 1707 1038 1750 III
1062 1711 1132 1752 40.
1179 1706 1369 1763 Dionys,
1403 1721 1518 1751 com.
1543 1706 1607 1750 111
1631 1710 1738 1760 555,
1757 1710 1782 1750 3
1800 1706 1850 1750 M

152 1767 214 1824 (11
238 1772 340 1822 428,
359 1772 382 1810 1
400 1767 471 1824 K).
506 1767 626 1812 Plat.
659 1767 839 1812 Menex.
873 1783 919 1824 p.
946 1771 1031 1810 242
1048 1767 1101 1811 A.
1137 1766 1264 1811 Stob.
1297 1766 1430 1810 floril.
1457 1770 1514 1810 38
1657 1770 1685 1810 8
1715 1766 1846 1810 Dem.

148 1842 195 1883 p.
222 1831 324 1881 240,
344 1831 422 1879 11;
456 1831 556 1883 660,
578 1831 616 1871 7.
649 1827 758 1871 Luc.
791 1827 1022 1883 tyrannio.
1046 1831 1074 1870 4

273 1920 295 1959 1
337 1915 431 1960 ἔδει
470 1914 647 1959 inserui
685 1928 742 1960 ex
773 1916 831 1960 Η
836 1915 1042 1960 VLaMa
1081 1915 1207 1972 quod
1247 1913 1623 1958 subaudiendum
1666 1913 1849 1958 censuit

150 1974 219 2018 Re
280 1987 355 2018 om
382 1976 419 2020 Ο
448 1974 539 2018 edd
575 1977 582 2031 Ι
618 1973 689 2019 ὅτι
721 1974 845 2018 inser
871 1975 983 2020 Ma²
1021 1976 1027 2031 Ι
1062 1972 1252 2030 ἀρίστου
1285 1975 1395 2018 ante
1426 1973 1588 2028 καιρὸς
1619 1973 1847 2017 excidisse

151 2033 259 2077 coni
297 2033 399 2077 Mor
433 2033 528 2077 Not
670 2039 695 2077 2
737 2031 901 2085 ἱκανός
940 2034 1106 2090 scripsi
1144 2035 1332 2078 auctore
1371 2032 1582 2076 Iacobsio
1621 2032 1729 2075 Add
1760 2037 1846 2075 368

151 2093 259 2149 App
290 2092 402 2135 Pors
435 2096 520 2136 325
567 2092 682 2136 Lech
713 2098 768 2136 99
801 2092 1002 2151 (ἱκανόν)
1078 2091 1241 2148 καιρός
1278 2091 1389 2136 libri
1427 2092 1539 2136 Ferr
1577 2091 1680 2135 Mor
1722 2091 1847 2147 quod

152 2151 327 2196 delevit
350 2151 418 2195 Re
540 2155 565 2195 3
597 2149 703 2195 AM?
733 2178 788 2184 -
817 2156 842 2194 5
875 2152 934 2210 ἄγ
938 2170 998 2197 αν
1028 2151 1296 2209 praemissis
1328 2151 1480 2195 verbis
1509 2150 1570 2200 ὡς
1601 2150 1679 2194 καὶ
1703 2149 1847 2208 Λιβα-

151 2227 252 2261 νιος
283 2210 399 2254 citat
431 2212 594 2254 auctor
623 2210 775 2254 libelli
807 2211 865 2255 de
897 2212 1242 2256 constructione
1273 2210 1516 2254 verborum
1549 2209 1619 2252 ed.
1654 2209 1706 2253 G
1731 2209 1847 2253 Her-

151 2283 294 2313 mann
327 2270 383 2312 de
416 2270 595 2313 emend.
619 2271 707 2314 rat.
732 2284 926 2327 gramm
951 2286 998 2328 p.
1016 2275 1117 2326 376,
1128 2275 1182 2314 21
1365 2271 1492 2326 φιλεῖ
1520 2268 1685 2336 scripsi
1709 2281 1734 2311 e
1759 2269 1848 2313 Par

155 2333 270 2372 3017
298 2328 446 2384 (Boiss
427 2329 586 2373 sonad.
611 2329 786 2373 Anecd.
804 2329 867 2372 IV
893 2332 997 2388 396)
1059 2327 1237 2386 ὀφείλει
1258 2329 1476 2373 HVGMa
1508 2327 1589 2371 sed
1620 2327 1669 2371 in
1700 2324 1788 2372 hoc
1820 2327 1845 2372 6

151 2401 270 2442 eras,
304 2388 394 2431 edd
456 2386 636 2443 ὁφειλεῑ
656 2389 732 2432 La
760 2391 766 2445 Ι
793 2387 1042 2446 γίγνεσθαι
1065 2389 1141 2433 La
1274 2392 1298 2431 7
1330 2385 1446 2432 καθ’
1485 2386 1652 2431 ἑαυτὸν
1678 2387 1847 2432 LaMa

272 2451 298 2490 8
343 2446 367 2490 ὁ
409 2449 518 2491 ante
555 2445 780 2504 τρόφιμος
818 2448 1118 2492 inserendum
1157 2447 1262 2491 coni
1292 2446 1455 2491 Iacobs
1487 2446 1595 2489 Add
1627 2450 1712 2489 367
1763 2448 1770 2502 Ι
1820 2446 1845 2490 ὁ

151 2506 308 2549 πάντα
348 2504 513 2561 scripsi
550 2520 655 2550 cum
685 2506 895 2551 Iacobsio
928 2507 1036 2551 Add
1067 2507 1179 2552 Lect
1210 2510 1266 2550 99
1343 2521 1498 2549 παντα
1522 2506 1597 2549 La
1630 2505 1710 2549 sed
1742 2506 1844 2562 α(2)

150 2564 201 2607 111
245 2578 320 2607 ras
352 2578 395 2618 s,
422 2566 510 2609 Ma
584 2565 774 2610 πάντων
800 2567 855 2610 H
862 2567 942 2612 VO
976 2566 1068 2611 edd
1099 2564 1191 2610 sed‘
1212 2563 1368 2609 πάντα
1399 2558 1458 2619 ἦν
1490 2564 1595 2608 coni
1631 2564 1680 2607 in
1710 2577 1846 2622 marg

154 2622 269 2677 Mor,
330 2622 484 2667 πάντα
516 2620 582 2669 ὢν
612 2624 708 2669 Not
767 2624 957 2670 πάντων
989 2625 1172 2681 ἄριστος
1196 2625 1263 2668 Re
1324 2620 1464 2667 παντ’
1486 2620 1551 2666 ὢν
1575 2622 1720 2667 Cobet
1744 2621 1845 2667 Coll

153 2686 240 2726 284
384 2687 408 2725 9
449 2697 560 2726 num
592 2684 806 2734 δεικνύςῖ
842 2687 892 2728 ab
924 2684 1045 2741 cf.p
1049 2687 1169 2728 .589
1202 2685 1297 2727 not
1325 2687 1349 2725 2
1497 2688 1551 2726 10
1593 2681 1845 2736 πολυτελής

154 2741 323 2798 scripsi
354 2743 543 2785 auctore
573 2740 784 2787 Iacobsio
815 2743 923 2787 Add
941 2744 1060 2818 App
1084 2743 1196 2787 Pors
1220 2742 1334 2785 Lect.
1393 2738 1582 2796 πολίτης
1611 2740 1723 2785 libri
1753 2741 1845 2784 edd

214 2799 238 2844 ὁ
277 2799 489 2851 πολίταις
526 2803 759 2857 πλουτῶν,
808 2803 891 2859 ουχ
932 2758 1072 2857 ἧττον
1110 2802 1162 2846 δὲ
1202 2801 1282 2845 καὶ
1322 2799 1422 2856 ἐμοὶ
1455 2797 1564 2855 ὅλην
1596 2800 1701 2844 coni
1732 2799 1800 2845 Re
1775 2797 1845 2902 ΒΑ

143 2856 302 2914 Ιἥττων
326 2860 402 2904 La
546 2864 598 2902 12
633 2857 680 2905 δ’
717 2860 865 2921 ἑαυτῷ
897 2861 1063 2918 scripsi
1086 2874 1111 2905 e
1139 2861 1176 2906 Ο
1233 2859 1286 2903 δὲ
1318 2859 1442 2919 αὐτῷ
1459 2859 1517 2903 H
1523 2859 1730 2904 VLaMa
1753 2859 1812 2902 ed

274 2922 329 2961 14
372 2920 604 2974 γυμνασία
635 2920 695 2964 Η
736 2922 742 2974 Ι
793 2908 978 2977 signum
1020 2904 1424 2991 interrogationis
1445 2918 1581 2973 posui
1665 2931 1846 2962 comma

153 2974 264 3020 libri
296 2976 388 3020 edd
512 2982 565 3020 15
597 2975 666 3027 τίς
689 2979 747 3023 Η
794 2981 800 3035 Ι
850 2986 973 3035 μισεῖ
999 2979 1122 3022 inter
1152 2975 1260 3022 θεοί
1299 2979 1346 3021 et
1388 2977 1442 3019 σὺ
1474 2977 1568 3020 La³
1702 2981 1756 3021 16
1788 2978 1844 3021 σὺ
