2010 3168
419 114 848 160 DEMOSTHENIS
880 113 1227 158 DEDITIONIS
1258 112 1496 158 ΡΕΤΙΤΙΟ
1708 111 1814 165 337

122 272 189 322 με
235 253 442 315 πάντας
484 249 954 320 ὑπερβεβληκέναι
1006 255 1080 322 τῷ
1124 249 1131 318 Ι
1180 252 1328 318 μίσει
1380 255 1450 321 τᾷ
1494 249 1636 319 πρὸς
1680 253 1905 297 RIV279

120 341 298 395 αὑτὸν
350 340 621 409 ὁμολογεῖ.
683 339 865 407 ὥσπερ
921 335 1024 392 οὖν
1085 343 1142 391 εἴ
1194 357 1260 405 με
1315 342 1501 407 φιλεῖν
1556 335 1815 406 ἔφασκεν,

121 429 442 501 ᾐσχυνόμην
479 430 574 496 ἄν,
620 428 765 482 οὕτω
806 432 1201 497 φιλοτιμοῦμαι
1247 427 1593 496 μισούμενος.
1631 426 1664 495 ἢ
1703 436 1816 481 τῶν

118 516 223 587 μὲν
271 522 514 572 πολιτῶν
558 520 690 581 τοὺς
746 516 986 587 ἐχθροὺς
1030 517 1079 570 εῑ
1123 518 1462 586 παρειχόμην
1507 517 1572 568 τὰ
1618 518 1814 583 βελτίω

119 627 214 677 μοι
252 614 686 677 μαρτυροῦντας,
725 606 864 676 μέγα
896 605 966 659 ἂν
996 602 1083 674 ἦν,
1114 605 1207 658 καὶ
1238 606 1434 674 δεῖγμα
1463 612 1559 673 τῆς
1590 605 1817 675 ἐσχάτης
1862 626 1883 658 ⁶

119 695 315 765 ἀρετῆς
344 697 406 749 τὸ
437 697 569 758 τοὺς
600 694 773 764 ἡδέως
804 695 874 750 ἂν
907 697 1339 765 λοιδορήσαντας
1371 694 1618 747 ἐπαινεῖν
1647 695 1815 763 ἠναγ-

119 785 350 852 κάσθαι,
396 792 496 838 τοῦ
552 783 600 838 δ’
657 785 978 854 ἀλλοφύλου
1032 782 1123 838 καὶ
1168 787 1435 853 πολεμίου
1486 782 1636 836 τοῦτ’
1681 784 1814 837 αὐτὸ

118 881 415 936 ποιοῦντος
439 874 541 927 οὐκ
567 875 673 940 ἄρα
698 875 1078 942 σεμνύνεσθαί
1105 893 1198 942 μοι
1229 875 1493 943 προσήκει
1524 870 1615 925 καὶ
1645 874 1816 926 καλὸν

119 962 384 1031 ἐντάφιον
429 960 577 1031 ἔχειν
623 964 868 1031 νομίζειν
912 964 1014 1032 τὴν
1059 969 1159 1015 τοῦ
1207 964 1334 1014 λίαν
1380 961 1700 1014 ἀποκτεῖναί
1749 981 1815 1030 με

117 1050 530 1118 ἐπιθυμοῦντος
560 1049 881 1120 ἐπιστολήνς
921 1051 1007 1105 35.
1039 1058 1210 1104 ταῦτα
1240 1051 1380 1116 πρὸς
1412 1049 1649 1117 ἐμαυτὸν
1680 1051 1815 1103 κατὰ
1842 1074 1882 1105 ιο

116 1140 219 1208 τὴν
273 1138 407 1193 ὁδὸν
467 1139 646 1208 λέγων
701 1140 804 1193 οὐκ
858 1140 1179 1209 ἀνιάσομαι,
1242 1139 1325 1192 ὅτι
1379 1159 1445 1208 με
1498 1140 1813 1208 ὡμολόγηκε

120 1230 397 1292 Φίλιππος
451 1230 739 1298 δισχιλίων
793 1231 1101 1298 Ἀθηναίων
1154 1222 1297 1281 εἶναι
1348 1229 1690 1298 τιμιώτερον.
1745 1229 1812 1282 οὐ

117 1317 221 1386 γάρ
262 1332 401 1386 φησι
431 1320 592 1386 μείζω
626 1319 727 1387 μὲν
760 1317 979 1372 ἐθέλειν
1011 1319 1227 1385 δοῦναι,
1266 1319 1459 1385 λαβεῖν
1498 1314 1559 1370 δὲ
1590 1315 1812 1386 ἐλάττω,

116 1404 234 1458 ἀλλ’
281 1407 414 1476 ὅπερ
456 1408 807 1460 οὐδεπώποτε
847 1408 986 1476 ὑπὲρ
1019 1406 1258 1476 ἐμαυτοῦ
1290 1407 1427 1476 πρὸς
1456 1406 1599 1473 ὑμᾶς
1638 1407 1813 1460 εἰπεῖν

116 1495 386 1564 ἐτόλμησα
446 1494 579 1564 ἐγώ,
639 1495 790 1549 τοῦτ’
857 1494 917 1549 ἐν
988 1495 1194 1566 ἑτέροις
1263 1495 1504 1563 ῥήμασιν
1561 1495 1590 1549 ὁ
1651 1495 1812 1549 πολέ-
1837 1518 1878 1550 15

113 1604 240 1651 μιος
296 1585 555 1638 διδάσκει.
608 1584 758 1638 τοῦτ’
808 1581 936 1654 οὗν,
978 1586 1111 1655 ὅπερ
1143 1583 1304 1655 ἔφην,
1344 1585 1481 1639 οἴσει
1514 1605 1608 1654 μοι
1640 1603 1812 1655 παρα-

117 1677 348 1742 μυθίαν.

229 1761 468 1832 36.Ὥ,ρα
491 1764 559 1833 δὴ
584 1765 924 1833 πορεύεσθαι
947 1772 1218 1818 τοσοῦτον
1242 1764 1563 1831 εὐξάμενον·
1588 1762 1810 1816 ’Ἀπολ-

117 1856 236 1904 λον
274 1858 527 1924 πατρῷε
573 1853 678 1906 καὶ
727 1852 1045 1906 δέσποινα
1084 1858 1315 1921 Ἀθηνᾶ
1361 1853 1466 1905 καὶ
1505 1855 1808 1922 Δήμητερ

114 1938 219 1992 καὶ
252 1942 431 2008 Κόρη
471 1939 805 2011 καὶἼακχε
836 1942 939 1994 καὶ
971 1942 1126 1995 θεοὶ
1164 1943 1403 2004 πάντες
1441 1940 1548 1994 καὶ
1580 1942 1809 2010 ἥρωες,
1834 1963 1878 1994 30

236 2091 261 2130 9
288 2087 344 2130 cf.
364 2087 424 2130 ad
448 2102 493 2143 p.
515 2091 664 2141 107‚6.
696 2086 834 2131 Isocr.
854 2087 1043 2132 Archid.
1060 2103 1105 2144 p.
1126 2091 1250 2131 1259,
1372 2092 1426 2130 12
1452 2087 1508 2130 cf.
1529 2087 1650 2143 adp.
1670 2091 1808 2140 318,2

238 2151 292 2191 18
325 2146 383 2190 cf.
415 2162 460 2203 p.
487 2151 588 2200 258,
608 2150 675 2191 18.
709 2148 741 2190 t.
765 2146 830 2191 IV
853 2162 900 2203 p.
926 2150 1026 2201 333,
1045 2151 1070 2190 3
1099 2148 1106 2203 1
1133 2162 1179 2203 p.
1205 2151 1321 2201 38‚3
1340 2160 1407 2202 sq.
1440 2149 1475 2190 t.
1499 2146 1566 2190 IV
1589 2150 1734 2202 386‚8

237 2285 259 2323 1
293 2279 475 2331 πάντας
508 2280 565 2324 Vi
595 2278 678 2323 sed
708 2296 801 2325 των
834 2293 974 2336 supra
1004 2296 1088 2330 τας
1118 2279 1190 2323 m'
1249 2279 1441 2325 πάντων
1465 2280 1571 2324 HV
1613 2282 1621 2336 Ι
1668 2280 1810 2335 ὑπερ-

113 2338 362 2397 βεβηκέναι
397 2340 441 2383 V
554 2343 580 2382 2
613 2338 757 2383 αὐτὸν
787 2339 898 2383 libri
930 2340 1022 2383 edd
1056 2341 1062 2396 Ι
1098 2338 1297 2396 ὁμολογῇ
1333 2339 1539 2384 Vz‘MaGl
1659 2344 1684 2383 6
1716 2341 1807 2383 λοι·

114 2397 405 2454 δορήσαντας
442 2400 531 2443 Μα
573 2398 656 2441 sed
699 2415 754 2442 ov
797 2411 938 2455 supra
980 2415 1041 2443 αν
1082 2398 1154 2442 m²
1305 2402 1330 2441 7
1371 2406 1508 2442 τοῦτο
1542 2398 1810 2444 HViMaGl

236 2461 262 2500 8
294 2453 386 2511 ἆρα
412 2458 464 2502 Ol
513 2461 519 2512 Ι
569 2457 649 2500 καὶ
678 2457 805 2500 inser
831 2457 941 2502 Ma*
1003 2471 1078 2501 om
1105 2458 1158 2503 Ol
1300 2461 1326 2501 9
1366 2454 1569 2513 νομίζειν
1603 2457 1725 2515 ἔχειν
1752 2459 1809 2502 Va·

117 2516 263 2561 Macl
286 2516 353 2559 Re
500 2521 552 2560 11
595 2515 811 2573 ὁμολογεῖ
840 2518 896 2561 Vi
926 2516 1010 2560 sed
1048 2516 1313 2574 ὡμολόγηκε
1350 2516 1400 2559 in
1432 2530 1568 2574 marg
1597 2515 1667 2559 m'

43 2625 46 2628 ῃ
119 2579 172 2617 13
217 2578 371 2631 μεῖζον
397 2576 486 2619 Μα
524 2575 606 2618 sed
645 2575 695 2618 in
732 2574 865 2632 μείζω
906 2590 1008 2619 corr
1041 2575 1125 2631 ω’,
1151 2577 1205 2621 01
1252 2579 1259 2633 Ι
1309 2574 1461 2621 ἐθέλει
1486 2576 1532 2618 Ρ
1566 2575 1666 2619 Mor

121 2638 176 2676 14
208 2634 507 2679 οὐδεπώποτε
539 2634 704 2690 scripsi
764 2634 875 2679 οὐδὲ
905 2636 1091 2679 πώποτε
1122 2634 1232 2678 libri
1266 2635 1357 2679 edd
1495 2640 1547 2677 15
1579 2640 1716 2678 τοῦτο
1750 2634 1810 2678 Vi

116 2693 171 2737 Ol
197 2695 203 2749 Ι
230 2693 427 2749 πόλεμος
457 2693 559 2737 Mor
681 2697 735 2736 16
766 2692 889 2737 τοῦτ’
928 2693 1094 2770 scripsi
1119 2708 1174 2738 ex
1199 2695 1346 2739 HVP
1374 2693 1455 2738 sed
1487 2694 1536 2736 in
1567 2694 1655 2736 hoc
1685 2689 1727 2736 τ’
1756 2692 1805 2735 in

114 2767 198 2795 τον
228 2765 332 2795 corr
390 2759 526 2797 τοῦτο
559 2752 766 2797 ViMac'l
796 2753 886 2796 edd
925 2755 932 2809 1
971 2770 1056 2797 ουν
1089 2767 1165 2797 om
1196 2753 1298 2798 Mor
1324 2758 1329 2807 Ι
1359 2753 1516 2808 ἔφθην
1544 2751 1690 2796 MaGl

117 2814 173 2854 18
206 2808 256 2854 δὲ
285 2813 374 2855 Μα
519 2816 572 2854 19
608 2818 792 2865 πατρῶε
816 2813 916 2856 HP
961 2814 968 2869 Ι
1018 2811 1232 2869 Δήμητερ
1265 2812 1429 2867 scripsi
1462 2826 1516 2854 ex
1541 2812 1599 2855 H
1604 2810 1808 2856 ViMaGl

115 2882 222 2911 cum
261 2869 419 2913 Gasda
494 2869 700 2926 δημήτηρ
737 2871 819 2915 VP
853 2871 945 2914 edd
1089 2875 1145 2914 20
1188 2871 1290 2928 ἴαχε
1315 2871 1423 2915 ΗΘΖ
1498 2868 1595 2925 ἥλιε
1629 2870 1686 2914 Vi
1723 2870 1806 2913 sed

116 2925 247 2985 ἴακχε
278 2929 328 2971 in
358 2941 493 2986 marg
522 2928 592 2972 m'
619 2932 625 2985 Ι
652 2929 732 2972 καὶ
771 2927 918 2986 ’ἥρωες
941 2931 1030 2974 Μα
1068 2930 1150 2974 sed
1189 2931 1268 2974 καὶ
1301 2928 1331 2986 ἤ
1362 2929 1411 2972 in
1445 2943 1519 2972 ras
1551 2928 1621 2972 m'

206 3009 402 3043 Lamus
426 3011 736 3043 attrectator.
760 3011 828 3044 VI.
1394 3007 1447 3045 22
