2010 3168
184 92 289 144 180
350 94 354 96 “
647 90 875 135 LIBANII
906 67 1297 136 DECLAMATIO
1329 91 1437 136 xvi

172 228 208 281 ’ὁ
252 228 561 298 Καρύστιος
598 225 631 294 ἢ
674 227 1011 294 Πολυδάμας
1054 226 1083 280 ὁ
1124 230 1518 297 Σκοτουσαῖος,
1560 232 1617 282 οἳ
1659 234 1870 283 πολλοῦ

178 316 423 385 καμάτου
458 314 548 368 καὶ
583 316 814 384 ἱδρῶτος
845 317 976 378 τοὺς
1007 316 1320 384 στεφάνους
1349 315 1651 387 ἐωνημένοι
1683 322 1876 387 χαλκοῖ

181 404 426 469 ἑστᾶσιν;
475 404 540 457 οὐ
581 405 686 474 γὰρ
728 404 816 457 δεῖ
859 407 1137 467 πολιτείας
1175 404 1489 475 ἀγωνιστὴν
1544 407 1734 478 ἰδιώτῃ
1785 407 1877 460 καὶ

177 495 387 563 θεατὴν
434 493 646 563 ἀθλητῇ
693 494 1082 562 παραβάλλειν.
1146 494 1231 546 60.
1282 495 1479 548 στάδια
1531 502 1626 564 τῆς
1680 494 1877 565 ἀρετῆς

136 605 155 636 5
181 591 276 652 τῆς
316 582 446 652 ἐμῆς
483 583 549 636 τὰ
588 583 930 653 δικαστήρια,
963 581 1345 636 Ἑλλανοδίκαι
1393 581 1454 637 δὲ
1501 585 1716 638 τούτων
1764 594 1876 643 τῶν

174 670 489 739 Ὀλυμπίων
512 671 686 741 ὑμεῖς,
711 669 802 724 καὶ
835 673 940 742 γὰρ
973 672 1191 735 τούτοις
1221 681 1338 735 τοῖς
1370 672 1637 742 ἀθληταῖς
1667 674 1877 742 κάθην-

180 780 270 813 ται
303 761 570 814 δικασταί.
608 769 709 814 τοῦ
741 770 1008 823 νικῶντος
1041 760 1070 814 ὁ
1104 760 1393 831 στέφανος,
1428 763 1530 831 οὐχ
1564 763 1714 825 ὅστις
1745 761 1876 815 ἀνα-

181 850 461 916 γώνιστος.
518 847 610 918 ἐμὲ
664 851 742 912 εἰς
786 850 849 902 τὸ
905 859 1240 917 πρυτανεῖον
1285 850 1315 903 ὁ
1369 851 1535 917 νόμος
1588 856 1746 905 καλεῖ
1796 849 1878 904 δι-

180 940 468 1006 καιότερον
506 937 539 1006 ἢ
579 940 709 1000 τοὺς
742 936 1081 1006 Ὀλυμπιάδα
1120 937 1210 991 καὶ
1245 939 1514 992 Πυθιάδα
1544 943 1707 1008 νίκην
1746 940 1876 1010 ἀνῃ-

114 1049 158 1080 1ο
183 1026 468 1096 ρημένους.
509 1027 563 1079 οἱ
601 1027 704 1094 μὲν
743 1028 847 1097 γὰρ
879 1029 1057 1096 μόνον
1088 1030 1165 1090 εἰς
1205 1026 1375 1091 δόξαν
1413 1032 1773 1097 συναίρονται
1810 1037 1876 1100 τῇ

180 1116 427 1186 πατρίδι,
482 1114 624 1185 τάμὰ
672 1113 733 1168 δὲ
779 1117 1099 1186 κηρύγματα
1150 1118 1475 1185 ψηφίσματα
1529 1119 1735 1188 χρηστὰ
1785 1116 1876 1171 καὶ

181 1206 341 1271 νόμοι
383 1204 776 1275 συμφέροντες,
817 1207 979 1275 πόροι
1019 1206 1328 1275 χρημάτων,
1369 1205 1681 1274 ἀπόστολοι,
1713 1216 1876 1260 νῖκαι.

180 1296 387 1356 πόσους
435 1293 468 1362 ἡ
516 1295 674 1356 πόλις
720 1294 856 1360 αὕτη
907 1294 1219 1361 στεφάνους
1266 1292 1326 1347 ἐκ
1372 1303 1486 1347 τῶν
1532 1293 1678 1361 ἐμῶν
1723 1298 1876 1348 πολι-

181 1383 465 1450 τευμάτων
519 1381 802 1450 ἠνέγκατο.
865 1383 917 1434 οἱ
981 1383 1159 1445 δεῖνες
1221 1382 1520 1451 σωθέντες,
1584 1384 1643 1436 οἱ
1700 1385 1878 1446 δεῖνες

116 1491 157 1524 15
182 1470 657 1542 ἐλευθερωθέντες
719 1472 811 1524 διὰ
872 1472 974 1540 τὴν
1035 1470 1172 1540 ἐμὴν
1233 1471 1586 1542 προπέτειαν,
1649 1472 1722 1534 ὡς
1772 1473 1876 1524 Κε-

182 1559 340 1631 φάλῳ
405 1560 570 1612 δοκεῖ.
633 1559 717 1612 61.
773 1560 875 1629 οὐχ
937 1561 989 1612 οἱ
1052 1558 1226 1612 δειλοὶ
1287 1561 1376 1613 καὶ
1437 1559 1725 1629 τρέμοντες
1786 1557 1877 1612 καὶ

182 1649 330 1716 λαγὼ
393 1651 520 1717 βίον
581 1648 653 1710 ὡς
716 1647 939 1715 ἀληθῶς
966 1668 970 1672 ’
1002 1651 1194 1712 ζῶντες
1254 1650 1321 1701 τὰ
1378 1651 1614 1718 τρόπαια
1663 1650 1878 1701 ἱστᾶσιν

183 1734 314 1791 οὐδὲ
367 1737 434 1789 τά
495 1738 653 1789 κοινὰ
715 1736 992 1805 ὀρθοῦσιν
1046 1736 1178 1790 οὐδὲ
1235 1737 1461 1806 δωρεῶν
1521 1737 1876 1806 τυγχάνουσι,

182 1826 273 1878 καὶ
326 1833 498 1878 ταῦτα
550 1824 611 1877 ἐν
661 1824 920 1892 Ἀθήναις.
960 1827 1008 1878 εἰ
1047 1822 1147 1894 μὲν
1198 1827 1301 1896 γὰρ
1354 1828 1641 1888 Φλιασίοις
1685 1825 1718 1894 ἢ
1758 1829 1874 1878 Με-

118 1936 161 1967 20
186 1921 414 1984 γαρεῦσι
467 1915 902 1982 συνεβούλευον,
958 1915 1122 1977 αὐτός
1174 1934 1232 1967 τε
1286 1912 1453 1967 οὐδὲν
1508 1914 1577 1967 ὀὲν
1631 1913 1876 1984 ἐτόλμων

182 2002 319 2070 μέγα
358 2001 449 2056 καὶ
496 2004 626 2065 τοὺς
671 2004 899 2065 πολίτας
945 2012 1009 2073 τῇ
1056 2004 1192 2073 τύχῃ
1239 2005 1339 2071 τὴν
1385 2004 1612 2072 γνώμην
1657 2012 1876 2071 μετρεῖν

185 2090 400 2160 ἠξίουν,
466 2090 775 2160 Ἀθηναίων
837 2089 899 2144 δέ
960 2111 1042 2154 τις
1097 2091 1352 2155 ἀξιωθεὶς
1406 2101 1734 2162 προστατεῖν
1787 2090 1875 2144 ἐπὶ

305 2214 327 2251 1
362 2208 492 2252 Dem.
519 2223 564 2264 p.
591 2211 690 2262 331,
710 2211 750 2250 2.
782 2207 889 2250 Luc.
922 2221 1006 2264 pro
1037 2207 1179 2264 imag.
1205 2212 1229 2260 ἓ
1254 2212 1332 2262 193
1364 2207 1471 2250 Her.
1498 2212 1522 2260 ς
1548 2211 1574 2250 8
1603 2210 1608 2264 Ι
1637 2207 1735 2251 Lib.
1761 2209 1793 2250 t.
1812 2206 1875 2251 IV

185 2271 286 2321 292,
307 2271 360 2309 15
379 2267 431 2310 R.
475 2267 611 2310 Paus.
636 2266 700 2309 VI
727 2270 794 2319 10,
816 2272 862 2320 13
895 2270 935 2316 5,
957 2271 979 2310 1
1125 2271 1150 2309 2
1182 2266 1316 2310 Paus.
1343 2266 1407 2310 VI
1440 2270 1510 2320 10,
1529 2271 1550 2309 1
1698 2272 1724 2309 8
1756 2266 1873 2309 Plat.

186 2325 277 2383 leg.
295 2326 380 2369 XII
402 2341 448 2381 p.
467 2330 553 2369 845
572 2325 604 2369 C
727 2330 751 2368 9
777 2324 896 2369 Plat.
915 2326 1005 2382 leg.
1023 2325 1108 2368 V11
1132 2341 1176 2381 p.
1197 2330 1280 2369 807
1302 2325 1334 2369 C
1458 2330 1511 2368 10
1537 2325 1593 2368 cf.
1619 2327 1652 2368 t.
1670 2325 1712 2368 V
1737 2330 1835 2380 220,
1850 2330 1870 2367 1

308 2390 359 2428 11
395 2384 452 2428 cf.
484 2399 529 2440 p.
558 2389 700 2439 122,6
826 2389 878 2427 15
924 2385 980 2428 cf.
1014 2399 1058 2440 p.
1087 2389 1186 2439 118,
1207 2390 1228 2428 1
1355 2389 1406 2427 17
1441 2384 1499 2428 cf.
1531 2399 1575 2440 p.
1604 2388 1703 2438 119,
1724 2388 1775 2426 11

308 2494 330 2532 1
366 2488 462 2544 ὁ(1)
493 2487 669 2530 inserui
730 2501 806 2530 om
833 2490 921 2532 Ma
955 2490 960 2543 Ι
997 2494 1255 2539 σκοτισαῖος
1281 2489 1370 2532 Μα
1402 2487 1484 2530 sed
1515 2489 1603 2542 ι(1)
1634 2486 1683 2529 in
1714 2503 1742 2530 v
1776 2500 1876 2530 corr

187 2547 257 2590 m²
283 2549 290 2603 Ι
318 2547 373 2591 οὐ
406 2548 453 2590 et
484 2551 510 2590 3
542 2549 848 2601 καθεστᾶσιν;
880 2547 1136 2591 Buecheler
1256 2552 1281 2590 2
1315 2544 1543 2602 ὠνημένοι
1565 2547 1653 2589 Μα
1679 2546 1686 2601 Ι
1713 2548 1878 2616 χαλκοῖ

190 2605 391 2662 ἑστᾶσινς
435 2604 599 2661 scripsi
674 2608 971 2650 καθεστᾶσιν.
1006 2607 1095 2650 Μα
1239 2609 1292 2648 10
1336 2603 1480 2661 μόνον
1523 2604 1688 2660 scripsi
1765 2602 1874 2649 ὅσον

191 2666 278 2708 Ma
423 2670 476 2708 12
521 2662 655 2719 νόμοι
695 2663 1006 2719 συμφέροντες
1044 2664 1208 2720 scripsi
1247 2663 1349 2707 coll.
1382 2666 1415 2706 t.
1448 2663 1490 2706 Π
1530 2668 1634 2715 301,
1655 2668 1694 2706 2.
1742 2663 1871 2706 Dem.

187 2728 409 2780 p.328‚20
466 2722 626 2779 νόμοις
643 2722 937 2779 συμφέροντα
950 2725 1038 2768 Ma
1051 2723 1133 2767 sed
1150 2739 1263 2767 οντα
1279 2724 1506 2766 incertum
1529 2722 1533 2779 Ι
1555 2720 1692 2776 πόροι
1709 2721 1874 2778 scripsi

189 2782 280 2826 coll
304 2785 337 2826 t.
354 2783 418 2826 IV
443 2787 579 2836 246,5
597 2781 651 2825 R.
684 2781 813 2825 Dem.
839 2797 882 2838 p.
904 2787 1069 2835 328,19
1131 2797 1166 2825 π
1198 2796 1302 2825 cum
1327 2783 1527 2836 quatuor
1556 2780 1725 2824 litieris
1755 2793 1874 2836 quae

188 2855 246 2885 ne
279 2841 506 2884 sulfurato
538 2840 727 2896 quidem
766 2840 946 2895 liquore
982 2841 1193 2884 adhibito
1226 2840 1498 2884 effulserunt
1620 2844 1673 2882 18
1708 2837 1873 2896 τυγχά-

190 2914 351 2943 νουσιν
373 2902 459 2944 Μα
581 2905 635 2942 22
661 2907 935 2955 προστατεῖν
961 2900 1123 2956 scripsi
1141 2899 1232 2943 coll
1247 2915 1292 2955 p.
1314 2903 1449 2952 173,4
1510 2897 1768 2954 προστάτης
1786 2898 1875 2941 Μα
