2010 3168
229 100 337 152 322
693 99 877 143 LIBAN
881 99 922 143 H
951 96 1343 143 DECLAMATIO
1374 97 1481 142 XXI

226 234 568 305 μαχομένους
607 235 830 288 ἁλῶναι.
870 236 924 287 οἱ
955 231 1055 304 μὲν
1096 236 1197 303 γὰρ
1240 233 1412 287 δειλοὶ
1451 231 1541 286 καὶ
1574 233 1914 301 φοβούμενοι

226 325 292 377 τὰ
331 325 611 393 τραύματα
657 326 987 392 συμπίπτειν
1026 321 1127 390 μὲν
1166 323 1232 376 οὐ
1273 327 1573 391 τολμῶσιν,
1611 321 1916 391 ἀρχομένης

227 413 289 466 δὲ
318 421 413 482 τῆς
443 413 615 483 μάχης
645 413 710 465 τὰ
743 412 884 466 ὅπλα
916 412 1174 481 ῥίψαντες
1206 411 1408 474 αὑτοὺς
1439 412 1671 464 εἰώθασι
1702 411 1913 479 σώζειν,

226 502 286 554 oc
320 500 368 554 δ’
408 500 687 565 ἀξιοῦντές
724 521 777 554 τι
816 502 958 570 δρᾶν
988 499 1078 553 καὶ
1113 501 1519 569 συμβάλλοντες
1553 500 1649 561 τὰς
1680 498 1914 561 ἀσπίδας

180 613 199 645 5
223 592 314 644 καὶ
353 600 514 659 σφῶν
552 591 737 644 αὐτῶν
776 590 1138 658 ἀφειδοῦντες
1186 586 1341 643 οὗτοι
1386 590 1476 642 καὶ
1524 589 1911 658 λαμβάνονται.

226 681 272 732 7.
313 681 407 733 διὰ
451 686 621 732 ταῦτα
667 678 941 732 ἐσκόπουν
986 678 1125 746 πρὸς
1175 677 1428 745 ἐμαυτόν,
1467 687 1581 740 πῶς
1635 677 1704 730 ἂν
1755 677 1912 732 αὐτοὶ

222 768 424 838 ταχέως
462 767 823 835 ἀνασωθεῖεν,
862 765 954 820 καὶ
994 768 1060 835 δὴ
1101 765 1192 819 καὶ
1228 764 1456 835 ἔμελλον
1488 766 1635 835 ἐρεῖν
1668 766 1729 819 ἐν
1758 766 1909 834 ὑμῖν,

224 858 372 920 ὅπως
409 864 572 911 τοῦτο
619 856 835 926 γένοιτο
884 858 977 925 ἄν,
1026 853 1157 908 οὐδὲ
1202 856 1308 925 γὰρ
1355 857 1454 908 τὸν
1495 858 1775 909 Φίλιππον
1822 856 1908 909 εὕ-

223 961 417 1017 ρισκον
454 945 629 1015 ἡδέως
667 945 737 998 ἂν
775 943 970 1014 ἔχοντα
1009 945 1310 1007 τοσούτους
1337 943 1644 1013 Ἀθηναίων
1683 943 1770 998 ἐπὶ
1814 953 1910 1013 τῆς

155 1057 198 1089 10
222 1035 393 1088 αὑτοῦ
446 1035 625 1103 χώρας
678 1032 941 1103 ἐχθρούς,
996 1028 1080 1096 οἷς
1134 1034 1261 1086 οὔτε
1316 1034 1668 1103 στρατιώταις
1723 1036 1908 1102 ἔμελλε

221 1126 400 1193 δήπου
439 1125 762 1193 χρήσεσθαι,
802 1124 1082 1193 σφαλερὸν
1121 1123 1244 1191 γάρ,
1284 1123 1410 1175 οὔτε
1450 1122 1709 1190 συνάγων
1747 1128 1826 1185 εἰς
1855 1143 1909 1175 τι

221 1215 425 1282 χωρίον
462 1211 709 1281 κατέχειν
746 1212 884 1265 ὅθεν
923 1212 1025 1264 οὐκ
1063 1208 1133 1280 ἦν
1171 1211 1482 1281 ἀποδρᾶναι
1522 1209 1718 1281 ῥᾴδιον
1756 1214 1818 1264 τό
1850 1232 1907 1265 τε

221 1303 396 1364 ἄλλως
433 1298 580 1370 ἔχειν
621 1300 680 1354 ἐν
720 1302 942 1368 δεσμοῖς
980 1299 1095 1353 οὔτ’
1143 1300 1505 1370 ἀνθρώπινον
1548 1300 1675 1353 οὔτε
1713 1302 1906 1367 κερδα-

220 1390 362 1444 λέον.
405 1390 451 1443 8.
491 1385 561 1458 ἧν
601 1386 705 1443 οὖν
744 1391 917 1457 δῆλον
964 1390 1037 1452 ὡς
1083 1389 1241 1458 ὑμῶν
1290 1389 1732 1443 ἀποστειλάντων
1777 1392 1906 1453 τοὺς

130 1484 251 1529 RIV
268 1489 353 1528 269
400 1479 524 1545 περὶ
563 1480 775 1532 τούτων
806 1479 954 1552 αὐτῷ
983 1479 989 1548 Ι
1025 1477 1445 1545 διαλεξομένους
1473 1477 1563 1532 καὶ
1593 1485 1668 1551 τῷ
1700 1483 1912 1551 παλαιῷ

153 1590 195 1623 16
218 1567 343 1639 περὶ
375 1578 486 1622 τῶν
519 1568 875 1636 αἰχμαλώτων
906 1561 1461 1640 χρησομένους’νόμῳ
1492 1569 1708 1635 ποιήσει
1741 1576 1903 1621 τοῦτο

219 1657 247 1710 ὃ
288 1655 480 1710 πολλοὶ
518 1657 782 1719 πολλάκις
819 1655 909 1709 καὶ
949 1655 1123 1719 οὕτως
1161 1657 1363 1719 αὐτοὺς
1403 1655 1603 1724 ἀφήσει
1642 1657 1732 1709 καὶ
1772 1656 1903 1710 ἀπο-

216 1745 416 1814 πέμψει
454 1747 794 1814 βουλόμενος
823 1746 915 1798 καὶ
946 1746 1122 1808 ἄλλως
1154 1746 1300 1816 αὑτῷ
1332 1746 1493 1815 χάριν
1523 1746 1647 1798 τινὰ
1681 1750 1904 1799 κεῖσθαι

337 1881 364 1919 4
393 1876 506 1920 Xen.
539 1876 660 1920 Hell.
685 1876 750 1920 IV
775 1881 816 1932 3,
835 1881 901 1919 19.
935 1876 1041 1919 Eur.
1077 1876 1247 1920 Phoen.
1276 1880 1388 1919 1405
1511 1880 1536 1919 5
1568 1875 1711 1920 Thuc.
1736 1876 1902 1931 H51‚3

338 1940 391 1980 18
424 1936 566 1980 Thuc.
590 1935 611 1978 I
637 1940 735 1991 129,
754 1941 779 1979 3

335 2060 360 2098 2
405 2053 654 2112 ἀρχόμενοι
697 2055 751 2100 Vi
793 2054 874 2098 sed
918 2053 1175 2112 ἀρχομένης
1219 2055 1267 2097 in
1299 2068 1432 2112 marg
1462 2053 1532 2097 m²
1674 2058 1699 2096 3
1733 2055 1903 2106 αὐτοὺς

214 2113 381 2170 scripsi
411 2127 437 2158 e
463 2116 551 2158 Ma
626 2114 796 2164 αὐτοὺς
820 2115 878 2158 H
883 2114 988 2159 VVi
1062 2114 1231 2164 αυτοὺς
1257 2113 1309 2157 Ol
1382 2113 1573 2164 ἑαυτοὺς
1598 2115 1645 2158 P
1671 2113 1761 2156 edd

214 2177 242 2215 4
267 2173 504 2226 ἀξιοῦντες
526 2171 571 2216 τί
587 2174 645 2217 H
650 2174 797 2217 ViMa
918 2177 943 2215 6
970 2175 1196 2217 διαταῦτα
1219 2174 1275 2217 Vi
1301 2175 1307 2231 Ι
1335 2180 1470 2217 τοῦτο
1489 2173 1579 2217 Μα
1699 2177 1722 2215 7
1748 2173 1898 2228 καὶ(2)

215 2245 290 2275 om
314 2233 448 2276 PMa
478 2232 580 2276 Mor
606 2234 612 2289 Ι
640 2234 751 2287 ἐρᾶν
786 2233 843 2275 Vi
873 2232 954 2276 sed
979 2232 1100 2286 ἐρεῖν
1131 2232 1180 2274 in
1204 2245 1337 2289 marg
1360 2231 1430 2275 m²
1549 2237 1576 2276 8
1607 2231 1689 2276 τὸν
1721 2231 1807 2288 γὰρ
1832 2232 1899 2275 Re

273 2290 355 2335 τὸν
387 2305 462 2336 om
493 2292 552 2336 Vi
672 2295 697 2334 9
730 2290 959 2349 ἀνέχοντα
983 2292 1039 2335 Η
1157 2295 1211 2334 10
1244 2291 1388 2335 αὐτοῦ
1419 2291 1528 2335 libri
1560 2290 1649 2334 edd
1692 2290 1699 2349 Ι
1749 2290 1899 2346 ἔμελλε

216 2379 306 2423 Μα
337 2379 418 2422 sed
449 2380 544 2435 2(2)
579 2378 706 2422 inser
736 2379 807 2423 m²
882 2365 1068 2436 ἔμελλὸν
1092 2381 1139 2423 Ρ
1280 2384 1331 2423 11
1370 2378 1633 2437 χρήσασθαι
1657 2380 1900 2424 ΗΡΜαΟΖ

212 2436 315 2482 Mor
458 2442 511 2481 12
545 2439 815 2494 ἀποδρᾶναι
839 2441 929 2484 Μα
960 2439 1042 2482 sed
1075 2455 1187 2482 αναι
1220 2452 1276 2482 ex
1310 2456 1370 2482 αν
1403 2452 1506 2483 corr
1534 2438 1604 2481 m'
1653 2440 1659 2494 Ι
1708 2437 1810 2482 τότε
1841 2438 1900 2482 Vi

211 2511 324 2540 num
346 2496 398 2540 τὸ
424 2497 505 2540 δὲῗ
628 2502 679 2540 13
706 2497 870 2547 ἄλλους
887 2497 1042 2542 Gasda
1068 2501 1074 2555 Ι
1103 2497 1207 2541 οὔτε
1225 2499 1271 2541 Ρ
1291 2498 1382 2540 edd
1504 2501 1558 2540 14
1582 2497 1709 2552 ὑμῶν
1735 2496 1899 2553 Scripsi

213 2570 269 2599 ex
292 2556 349 2600 H
355 2555 605 2600 VViMaOl
663 2556 792 2613 ἡμῶν
818 2557 863 2600 Ρ
891 2557 981 2600 edd
1009 2559 1015 2613 Ι
1044 2558 1234 2600 ἀποστει
1265 2556 1445 2601 λάντων
1478 2570 1583 2601 cum
1605 2569 1680 2599 ras
1706 2560 1731 2598 2
1756 2555 1837 2599 litt
1862 2557 1906 2600 V

333 2619 387 2658 16
411 2622 502 2659 τῶν
518 2615 817 2671 αἰχμαλώτων
835 2615 1000 2672 scripsi
1017 2630 1072 2659 ex
1085 2617 1138 2660 H
1147 2616 1400 2661 VViMaOl
1457 2615 1566 2666 τοὺς
1583 2614 1899 2672 αἰχμαλώτους

213 2675 260 2719 P
286 2673 376 2717 edd
404 2675 411 2730 Ι
437 2673 749 2731 χρησομένους
781 2675 945 2731 scripsi
976 2689 1081 2718 cum
1106 2673 1262 2718 Gasda
1321 2673 1636 2732 χρησαμένους
1665 2673 1775 2716 libri
1806 2674 1897 2717 edd

333 2737 386 2776 17
419 2733 578 2777 πολλοὶ
612 2733 669 2776 Vi
699 2733 781 2776 sed
811 2734 957 2778 πολλὰ
988 2734 1037 2777 in
1068 2747 1204 2790 marg
1234 2733 1305 2776 m²
1331 2735 1337 2790 Ι
1365 2732 1511 2784 οὕτως
1536 2733 1626 2776 Μα
1657 2732 1738 2775 sed
1764 2728 1897 2782 οὗτος

212 2804 427 2847 suprascr
456 2790 528 2835 m²
587 2787 723 2843 οὗτος
744 2792 801 2835 H
808 2793 891 2837 VP
949 2789 1102 2842 ofitus·
1135 2792 1204 2836 Re
1265 2793 1346 2837 καὶ
1377 2788 1530 2842 οὗτος·
1565 2790 1721 2835 Gasda
1763 2793 1770 2848 Ι
1813 2792 1895 2834 αὐ-

209 2851 318 2902 τοὺς
356 2849 521 2907 scripsi
553 2864 577 2894 e
611 2851 669 2895 Vi
705 2851 787 2894 sed
826 2851 966 2901 αὐτὸς
1003 2852 1052 2895 in
1091 2865 1223 2908 marg
1255 2851 1336 2906 m²‚
1363 2851 1507 2896 Maol
1546 2865 1650 2894 eum
1685 2849 1895 2893 Iacobsio

211 2908 324 2952 Lect
357 2914 440 2953 104
471 2909 567 2953 Rev
598 2913 626 2951 4
688 2909 827 2961 αὐτὸς
850 2910 906 2953 H
912 2911 998 2954 VP
1025 2910 1115 2953 edd
1238 2914 1293 2953 18
1325 2910 1449 2968 αὐτῷ
1479 2909 1588 2953 libri
1619 2909 1710 2953 edd
