2010 3168
599 94 1065 140 CORINTHIORUM
1097 94 1320 140 ORATIO
1741 97 1804 150 17

116 242 323 304 μυσῶν,
362 230 732 300 ἐμπέπλησται
772 232 834 284 δὲ
870 231 903 299 ἡ
939 229 1131 294 Ἑλλὰς
1167 240 1351 284 κακῶν
1381 230 1473 284 καὶ
1505 235 1807 301 μεμίανται.

122 321 202 375 15.
244 320 430 388 ἐπειδὴ
470 321 574 389 γὰρ
614 318 896 373 ἐπύθοντο
944 319 1322 389 βουλομένους
1369 322 1640 385 σώζεσθαι
1678 323 1809 384 τοὺς

118 410 471 478 ἀνθρώπους,
511 410 686 471 εὐθὺς
726 408 1028 477 ἐπέστησαν
1066 409 1156 462 καὶ
1187 408 1490 479 καθεῖρξαν
1519 410 1808 480 περιστάν-

116 519 204 561 τες
243 498 301 551 ἐκ
339 505 463 566 γῆς,
512 497 570 550 ἐκ
616 499 916 565 θαλάττης,
956 498 984 551 ὁ
1025 500 1282 561 ναυτικὸς
1321 500 1505 567 ὄχλος,
1553 500 1611 551 oc
1643 502 1810 568 πεζοί,

117 585 248 641 οὐδὲ
306 595 501 654 στῆναι
554 588 691 655 πρὸς
737 587 930 654 ὀλίγον
984 584 1115 640 οὐδὲ
1163 586 1504 640 ἀναπνεῦσαι
1554 597 1668 651 τοῖς
1719 608 1810 641 τα-

118 677 414 745 λαιπώροις
452 675 753 744 παρέσχον,
802 673 920 727 ἀλλ’
967 676 1149 746 ὥσπερ
1197 677 1394 745 θηρία,
1442 675 1543 729 οὐκ
1594 676 1811 747 ἀνθρώ-

117 785 257 828 πους
303 765 672 832 ἀπολαβόντες
719 764 895 826 οὕτως
950 763 1188 833 ἀκριβῶς
1240 766 1664 834 παρεφύλαττον
1717 767 1812 829 τὰς

120 854 390 923 ἀφορμάς,
428 854 524 915 τὰς
562 854 873 920 κατάρσεις,
912 851 1086 922 μηδὲν
1132 851 1452 921 ἐκπλεῦσαι,
1491 855 1665 922 μηδὲν
1704 857 1811 908 είσ-

118 947 376 1009 πλεῦσαι,
423 941 523 1005 ἕως
562 942 747 1009 αὐτῶν
792 943 888 1004 τὰς
935 943 1147 1011 τροφὰς
1187 941 1215 995 ὁ
1257 944 1455 1012 χρόνος
1506 941 1813 1006 ἐξανάλωσε

119 1033 209 1085 καὶ
248 1027 317 1099 ἦν
356 1032 664 1084 ὑπόλοιπον
712 1027 880 1084 οὐδὲν
927 1032 1063 1084 ἄλλο
1102 1029 1135 1099 ἢ
1178 1032 1236 1084 015
1269 1041 1380 1084 τῶν
1426 1042 1653 1102 τροφῶν
1692 1034 1811 1086 δεό-

120 1140 289 1188 μενοι.
349 1120 431 1172 16.
477 1122 599 1172 τότε
646 1123 840 1172 τοίνυν
887 1117 1105 1188 ἐλεῆσαι
1152 1119 1306 1188 δέον,
1355 1119 1638 1189 ἐξαγαγεῖν
1684 1124 1814 1185 τοὺς

120 1210 472 1278 ἀνθρώπους,
514 1208 766 1276 ἀλλήλων
798 1206 1112 1277 ἐξαρπάσαι,
1153 1206 1322 1262 οὐδὲν
1359 1210 1463 1279 γὰρ
1496 1219 1610 1263 τῶν
1646 1208 1814 1264 ἔνδον

120 1296 590 1367 νεωτεριζομένων
628 1298 873 1366 ἠγνόουν
913 1298 971 1350 οἰ
1012 1301 1464 1367 προσκαθήμενοι
1510 1299 1599 1352 καὶ
1645 1315 1813 1369 προσ-

122 1388 441 1457 εδρεύοντες
479 1386 568 1438 καὶ
609 1385 969 1455 ὀδυρομένων
1008 1388 1108 1455 τὴν
1156 1390 1347 1456 χρείαν
1394 1386 1713 1457 ἀκούοντες,
1761 1391 1812 1442 οἱ

123 1474 183 1530 δὲ
222 1477 353 1538 τοὺς
393 1475 726 1544 ἀνθρώπους
766 1475 1056 1544 ἐπαφῆκαν
1095 1475 1353 1543 ἀλλήλοις
1391 1477 1480 1529 καὶ
1513 1477 1574 1529 τὸ
1609 1475 1671 1530 ἐν
1701 1486 1814 1541 τοῖς

122 1566 327 1635 μύθοις
374 1566 602 1617 δεῖπνον
657 1563 950 1631 ἀνέμειναν
1004 1564 1268 1632 γενέσθαι
1316 1563 1407 1618 καὶ
1455 1560 1814 1635 ἀναλωθῆναι

244 1717 268 1754 2
302 1711 444 1754 Thuc.
470 1710 512 1753 Π
539 1714 636 1764 102,
654 1715 681 1752 4
817 1714 842 1752 3
877 1709 1019 1754 Thuc.
1044 1710 1088 1754 H
1111 1714 1182 1766 58,
1202 1715 1223 1753 1
1357 1716 1382 1754 6
1416 1711 1472 1755 cf.
1507 1709 1642 1768 Greg.
1677 1710 1813 1768 Cypr.

123 1787 168 1829 p.
196 1776 265 1825 67,
285 1775 339 1814 10
463 1775 516 1813 16
550 1769 608 1814 cf.
637 1784 680 1825 p.
708 1774 777 1822 42,
799 1773 824 1812 6
842 1784 910 1826 sq.

247 1910 268 1947 1
300 1901 344 1947 δ’
376 1905 427 1948 Η
453 1906 458 1959 Ι
487 1901 731 1959 μεμίασται
755 1903 917 1959 Doxap
1040 1909 1065 1946 2
1092 1903 1191 1948 ἐπεὶ
1219 1904 1377 1948 GrHB
1391 1905 1447 1948 Vi
1469 1903 1631 1960 Doxap
1660 1906 1666 1960 Ι
1695 1903 1815 1949 ἐπεί-

124 1967 272 2008 θοντο
313 1963 476 2018 Doxap
527 1966 532 2018 Ι
583 1961 892 2019 βουλομένους
919 1964 1007 2007 Ma
1049 1963 1130 2006 sed
1170 1962 1448 2018 ουλομένους
1485 1963 1535 2006 in
1573 1976 1649 2006 ras
1688 1963 1758 2006 m³
1808 1968 1811 2015 ξ

127 2024 373 2076 σώιζεσθαι
401 2023 460 2067 Cr
494 2025 498 2076 Ι
543 2022 650 2071 τοὺς
681 2036 755 2065 om
787 2021 951 2077 Doxap
1073 2027 1099 2065 4
1132 2023 1252 2078 ἐκ(2)
1289 2023 1344 2067 Vi
1378 2023 1460 2066 sed
1492 2023 1572 2066 καὶ
1604 2023 1653 2066 in
1684 2037 1818 2080 marg

126 2082 197 2126 m²
258 2083 337 2125 καὶ
365 2081 480 2125 OrH
488 2082 530 2125 V
555 2081 717 2136 Doxap
753 2082 759 2137 Ι
792 2080 1034 2137 θαλάσσης
1065 2081 1230 2137 Doxap
1351 2086 1377 2124 5
1410 2081 1526 2135 πρὸς
1558 2080 1715 2138 ὀλίγον
1746 2095 1818 2127 re·

127 2142 264 2199 posui
297 2155 320 2183 e
354 2140 485 2183 libris
516 2140 679 2195 Doxap
742 2138 1017 2196 προσολίγον
1051 2141 1140 2183 edd
1179 2142 1185 2196 Ι
1228 2141 1521 2184 ἀναπνεῦσαι
1545 2142 1590 2185 Β
1623 2141 1706 2185 sed
1738 2156 1817 2185 νευ

127 2200 177 2244 in
207 2214 282 2244 ras
344 2201 615 2243 ἀναπαῦσαι
642 2199 785 2244 MaCl
827 2202 832 2254 Ι
871 2200 979 2250 τοὺς
1009 2201 1329 2253 ταλαιπώρους
1359 2200 1523 2256 Doxap
1646 2205 1668 2243 7
1703 2202 1817 2245 ἀπο·

129 2259 347 2318 λαβόντες
373 2261 417 2302 Β
454 2259 534 2302 sed
567 2259 660 2302 ἀπο
694 2273 749 2301 ex
781 2258 853 2301 ἐπι
889 2272 990 2301 corr
1059 2257 1353 2317 ἐπιλαβόντες
1380 2261 1441 2303 M
1449 2261 1505 2305 Vi
1535 2259 1617 2303 sed
1649 2259 1698 2302 in
1730 2260 1817 2304 hoc

130 2318 459 2368 ἐπελαύνοντες
500 2318 549 2360 in
592 2331 724 2374 marg
762 2317 846 2371 m',
884 2316 1028 2378 lQaCl
1101 2316 1450 2376 παραλαβόντες
1487 2318 1650 2375 Doxap
1686 2321 1693 2374 Ι
1728 2316 1813 2363 ἀπ’

130 2378 394 2432 ἀνθρώπως
426 2377 588 2432 Doxap
616 2379 621 2431 Ι
650 2376 1058 2432 παρεφυλάττοντο
1084 2377 1346 2422 BViMaCl
1369 2377 1470 2421 Mor
1591 2382 1616 2420 8
1647 2377 1816 2434 κατάρ-

132 2450 224 2487 σεις
251 2437 339 2480 Ma
369 2436 450 2480 sed
483 2453 627 2490 καταρ
660 2436 709 2478 in
740 2450 814 2479 ras
847 2437 915 2478 m³
943 2440 948 2490 Ι
977 2437 1038 2488 ὡς
1067 2436 1142 2480 vel
1174 2435 1284 2481 ὥστε
1316 2438 1426 2480 ante
1457 2437 1603 2493 μηδὲν
1632 2440 1673 2494 (1
1701 2440 1748 2482 et
1773 2440 1816 2493 2)

130 2495 426 2539 inserendum
458 2496 562 2538 coni
595 2495 750 2538 Gasda
894 2500 917 2538 9
952 2495 1207 2551 ἐξηνάλωσε
1235 2497 1323 2540 Ma
1362 2496 1443 2539 sed
1476 2513 1508 2539 α
1539 2511 1679 2552 supra
1710 2514 1739 2553 η
1771 2501 1818 2539 et

130 2571 159 2610 η
192 2569 333 2610 supra
364 2572 395 2598 α
425 2554 507 2607 m³,
535 2555 587 2599 Ol
649 2553 902 2609 ἐξανήλωσε
934 2554 1097 2610 Doxap
1237 2559 1287 2597 11
1323 2554 1504 2611 ἐξάγειν
1536 2555 1699 2612 Doxap

136 2618 188 2656 12
222 2613 358 2658 ἔνδον
389 2613 515 2656 inser
541 2613 650 2658 Ma³
788 2619 840 2657 13
874 2613 1226 2669 προκαθήμενοι
1258 2613 1421 2670 Doxap
1464 2616 1471 2670 Ι
1516 2615 1622 2670 ,καὶ
1653 2628 1816 2668 προσε-

134 2672 375 2725 δρεύοντες
406 2673 628 2726 videntur,
660 2677 712 2716 ut
741 2674 972 2727 scholium,
1004 2673 1193 2717 delenda
1225 2676 1342 2717 esse“
1375 2673 1442 2717 Re
1588 2678 1639 2716 15
1683 2674 1734 2717 τὸ
1768 2674 1818 2717 ἐν

133 2738 229 2782 τοῖς
271 2732 441 2786 μύθοις
483 2734 675 2776 δεῖπνον
719 2732 883 2788 scripsi
926 2745 1032 2775 cum
1070 2731 1226 2776 Gasda
1300 2732 1382 2776 τὸν
1425 2732 1476 2777 ἐν
1513 2739 1610 2783 τοῖς
1648 2733 1818 2788 μύθοις

135 2790 328 2834 δεῖπνον
362 2791 419 2834 Vi
459 2790 541 2834 sed
583 2788 792 2842 δείπνοις
831 2794 987 2846 μῦθον
1026 2791 1075 2833 in
1114 2804 1268 2848 marg,
1296 2791 1443 2836 MaGl
1515 2788 1595 2835 τὸν
1636 2792 1685 2836 ἐν
1723 2798 1819 2841 τοῖς

136 2845 344 2951 δᾶίῖῙτνοις
366 2853 522 2904 μῦθον
542 2849 809 2894 CrHVMB
836 2850 996 2905 Doxap
1014 2849 1104 2893 edd
1228 2855 1281 2893 16
1307 2850 1367 2901 ὡς
1385 2851 1494 2894 ante
1510 2851 1819 2905 ἀναλωθῆναι

226 2988 422 3021 Imaum-s
447 2989 752 3022 ed.Foerete1-.
778 2991 843 3022 VI.
1438 2987 1463 3024 2

1837 1055 1879 1088 10

1840 1499 1881 1533 15
