2010 3168
181 65 288 119 134
643 64 871 109 LIBANII
901 62 1292 108 DEGLAMATIO
1322 63 1409 107 XV

88 206 143 252 Η.
160 206 224 250 ΙΧ
242 210 296 250 59
358 201 558 263 θέντος
605 200 815 270 ἀρετῆς,
849 200 857 272 Ι
891 201 951 253 τὸ
1000 197 1059 253 δὲ
1106 200 1179 268 μὴ
1228 202 1536 269 κατήγορον
1582 197 1867 269 ἐπιστῆναι

175 298 275 344 τοῦ
323 289 451 343 καθ’
498 290 670 342 αὑτόν
708 310 860 352 τινος
908 290 1125 342 δικαίου
1179 290 1412 358 τρόπου,
1466 289 1717 357 καθάπερ
1777 286 1866 342 καὶ

177 379 385 446 τούμὸν
416 380 681 448 αὔταρκες
723 379 789 431 οὐ
830 376 1285 446 συμβαλλομένου
1325 397 1376 430 τι
1417 378 1553 448 πρὸς
1594 376 1760 441 δόξαν
1801 377 1865 430 οὐ

177 468 426 539 ῥήτορος,
467 468 532 521 οὐ
575 468 867 537 μάρτυρος,
908 467 974 520 οὐ
1017 468 1387 536 δικαστηρίου.

132 579 152 611 5
289 557 374 609 31.
415 554 481 610 “0
522 554 581 609 δὲ
627 557 764 624 πρὸς
809 557 1027 619 τούτοις
1074 557 1143 608 ἄν
1190 576 1272 617 τις
1320 561 1465 609 εἴποι
1512 556 1759 623 δικαίως,
1806 556 1867 608 τὸ

175 643 278 714 μὲν
316 645 611 716 κριθέντας
651 651 905 714 σωθῆναι
944 648 1164 714 μυρίοις
1203 642 1444 713 ὑπῆρξεν
1485 643 1571 699 ἐπὶ
1607 652 1706 698 τοῦ
1738 654 1869 715 προὲ

177 734 339 806 τέρου
386 738 593 804 χρόνου
641 732 765 804 παρ’
813 734 971 802 ὑμῖν,
1025 732 1116 786 καὶ
1169 726 1251 795 οἷς
1300 734 1401 786 οὐκ
1451 734 1520 786 ἄν
1565 754 1647 796 τις
1695 731 1867 804 ᾠήθη.

180 825 455 878 Οἰδίπουν
494 823 736 893 ἀφήκατε
777 822 1175 876 ἀποκτείναντα
1214 824 1313 876 τὸν
1351 821 1580 892 πατέρα,
1616 821 1870 892 Ὀρέστην

179 911 372 966 ἑκόντα
403 913 505 981 τὴν
535 911 752 983 μητέρα.
793 914 926 981 μετὰ
958 913 1228 965 τοιούτων
1265 910 1599 981 Ἀριστοφῶν
1631 913 1869 976 σώζεται.

113 1024 155 1057 ιο
177 1004 354 1056 καίτοι
405 1003 618 1072 δωρεὰν
669 1002 770 1055 οὐκ
824 1000 1057 1071 ᾔτησαν,
1098 998 1218 1054 οὐδ’
1266 1000 1294 1053 ὁ
1335 1009 1434 1053 τοῦ
1476 999 1871 1070 Ἀγαμέμνονος

178 1092 315 1154 θεὰς
368 1092 680 1159 νενικηκώς.
735 1090 825 1144 καὶ
883 1089 1002 1144 οὐδ’
1061 1089 1131 1143 ὀὲν
1186 1089 1490 1160 ἀριθμήσαι
1545 1110 1650 1158 τις,
1706 1090 1871 1153 ὅσους

179 1179 495 1249 ἐλεήσαντες
535 1181 602 1234 οὐ
642 1182 928 1250 καθαροὺς
967 1181 1131 1242 ὄντας
1171 1179 1422 1232 ἐσώσατε.
1466 1180 1556 1232 καὶ
1596 1179 1734 1232 θεὸν
1773 1180 1872 1232 τὸν

165 1267 362 1322 ’Ἑλεον
400 1271 559 1338 μόνοι
608 1271 700 1322 διὰ
746 1277 918 1322 ταῦτα
964 1271 1224 1337 νομίζετε.
1273 1269 1334 1320 τὸ
1384 1268 1444 1321 δὲ
1494 1268 1566 1337 μὴ
1606 1273 1871 1336 κριθῆναι

180 1360 608 1427 πολιτευόμενον
647 1358 749 1411 οὐκ
788 1359 860 1411 ἄν
898 1348 980 1420 τις
1020 1358 1126 1429 ὅτῳ
1166 1356 1361 1426 γέγονε
1401 1357 1506 1424 πρὸ
1540 1355 1673 1425 ἐμοῦ
1704 1357 1871 1427 παρά-

113 1468 155 1501 15
180 1461 382 1516 σχοιτο.
421 1449 573 1514 τίμια
612 1446 660 1499 δ’
709 1448 807 1516 οὐχ
850 1447 950 1500 ὅσα
990 1448 1150 1500 κοινὰ
1187 1447 1326 1516 πρὸς
1376 1448 1634 1514 πολλούς,
1674 1443 1791 1499 ἀλλ’
1839 1444 1872 1498 ἃ

179 1545 294 1599 τοῖς
340 1535 664 1603 τιμωμένοις
712 1537 900 1599 αὐτοῖς
947 1536 1096 1589 ἐστιν
1145 1535 1390 1605 ἐξαίρετα
1437 1536 1617 1605 ὥσπερ
1658 1533 1691 1603 ἡ
1731 1537 1872 1603 τιμή.

291 1624 377 1678 32.
425 1623 517 1688 Ὡς
571 1624 636 1678 δέ
685 1645 779 1694 μοι
833 1626 1041 1680 δοκεῖτε
1102 1626 1163 1678 τὸ
1223 1623 1492 1694 διαφέρον
1551 1633 1670 1677 τοῖν
1725 1626 1873 1692 βιόιν

182 1713 546 1783 ἐναργέστατα
580 1715 721 1767 ἰδεῖν
755 1711 838 1783 ἐφ’
878 1714 1035 1783 ὑμῶν
1067 1714 1251 1767 αὐτῶν
1283 1713 1632 1781 ἐξετάζοντες,
1674 1713 1871 1781 ἄριστα

181 1805 284 1874 γὰρ
342 1802 565 1866 ἕκαστος
618 1804 683 1856 τὰ
739 1804 913 1856 οἰκεῖα
969 1803 1317 1872 βουλεύεται,
1373 1801 1478 1872 ἐρῶ
1533 1803 1670 1871 πρὸς
1717 1801 1871 1868 ὑμᾶς.

115 1914 158 1946 20
183 1894 301 1946 εἰπέ
334 1913 443 1961 μοι,
482 1892 619 1962 πρὸς
657 1897 827 1960 θεῶν,
867 1893 914 1945 εἰ
952 1893 1188 1962 προθείη
1229 1912 1311 1955 τις
1350 1892 1483 1960 ὑμῖν
1523 1892 1737 1960 αἵρεσιν
1776 1891 1874 1943 τὸν

301 2074 327 2113 8
373 2068 430 2112 ef.
468 2083 513 2125 p.
542 2072 642 2123 172,
660 2072 716 2111 20
863 2072 915 2110 11
961 2066 1018 2111 cf.
1058 2082 1105 2123 p.
1131 2072 1230 2123 183,
1250 2072 1303 2111 16
1450 2071 1504 2110 13
1549 2066 1606 2110 cf.
1647 2081 1692 2122 p.
1719 2070 1797 2120 29,
1818 2071 1870 2109 11

182 2204 213 2244 p
257 2127 440 2231 19lebccf.
466 2143 511 2184 p.
531 2131 632 2183 168,
650 2131 672 2169 1
798 2131 852 2170 16
877 2126 996 2170 Plat.
1022 2126 1141 2170 Phil.
1166 2142 1211 2183 p.
1232 2132 1285 2170 61
1306 2125 1339 2170 C
1460 2130 1516 2169 20
1543 2126 1662 2169 Plat.
1680 2125 1870 2169 Theaet.

302 2355 327 2393 2
360 2366 487 2401 τινος
519 2349 684 2406 scripsi
743 2366 851 2393 τινα
877 2350 1012 2394 ΜαΡ
1036 2350 1041 2405 Ι
1070 2346 1281 2404 καθάπερ
1308 2350 1353 2393 Ρ
1471 2352 1495 2390 3
1528 2347 1700 2403 τούμὸν
1725 2347 1774 2390 in
1797 2360 1872 2390 ras

186 2408 297 2455 Ma²
345 2411 352 2466 Ι
402 2410 457 2454 οὐ
491 2408 656 2465 scripsi
688 2423 713 2453 e
739 2410 827 2453 Ma
888 2409 949 2459 ὡς
974 2410 1020 2453 Ρ
1144 2413 1169 2451 6
1202 2406 1453 2462 κριθέντας
1491 2407 1654 2463 scripsi
1687 2407 1873 2449 auctore

1641 2482 1692 2519 τε)

186 2527 359 2572 Cobeizo
428 2526 653 2582 κριθέντα
679 2527 814 2571 ΜαΡ
861 2530 866 2583 Ι
916 2525 1144 2581 προτέρου
1178 2525 1343 2581 scripsi
1368 2538 1392 2568 c
1419 2525 1507 2569 Ma
1577 2523 1666 2579 πρό
1692 2526 1737 2568 Ρ

186 2591 212 2630 8
246 2585 465 2631 οἰὸίπουν
492 2588 580 2631 Μα
613 2586 693 2629 sed
727 2588 813 2643 ι(2)
837 2586 886 2629 in
918 2600 993 2628 ras
1026 2589 1139 2627 2-3
1165 2584 1244 2628 lits
1267 2585 1337 2628 m²
1364 2588 1369 2641 Ι
1397 2583 1573 2628 ἄκοντα
1596 2585 1704 2639 post
1729 2584 1872 2626 ἀποκ-

185 2644 403 2690 τείναντα
435 2645 660 2690 excidisse
694 2646 797 2688 coni
831 2645 1030 2690 Cobetus
1063 2643 1218 2688 Gasda
1357 2648 1409 2687 10
1441 2641 1615 2701 ᾔτησαν
1648 2641 1813 2698 scripsi

186 2702 352 2762 ᾔτησεν
379 2706 516 2749 ΜαΡ
539 2710 545 2762 Ι
574 2703 597 2748 ὃ
623 2704 674 2748 δὲ
700 2706 745 2748 Ρ
865 2709 917 2748 13
951 2705 1177 2747 διαταῦτα
1203 2704 1248 2747 Ρ
1366 2707 1419 2745 14
1452 2701 1641 2759 γέγονεν
1668 2703 1755 2745 Μα

189 2768 243 2807 15
277 2760 323 2807 δ’
358 2763 531 2807 inserui
564 2777 589 2807 c
622 2765 731 2818 Ma,
762 2766 816 2807 ui:
847 2763 951 2807 coni
984 2761 1183 2807 Gobetus
1257 2776 1331 2805 om
1363 2763 1408 2806 P
1454 2763 1459 2817 Ι
1510 2758 1608 2803 ἀλλ’
1647 2759 1676 2803 ἃ
1709 2759 1872 2815 scripsi

188 2823 376 2867 auctore
417 2822 588 2867 Cobeto
651 2822 764 2866 ἀλλὰ
798 2823 935 2867 ΜαΡ
1074 2826 1128 2864 16
1174 2819 1402 2875 ἐξαίρεται
1426 2822 1471 2864 Ρ
1612 2824 1664 2862 19
1707 2818 1765 2862 τὰ
1804 2819 1872 2860 in-

189 2882 312 2926 serui
374 2895 448 2926 om
474 2882 611 2926 MaP
728 2885 783 2924 20
815 2878 1015 2937 προθείη
1049 2880 1212 2937 scripsi
1271 2877 1501 2936 προσθείη
1528 2879 1663 2923 ΜαΡ
