2010 3168
187 92 297 146 296
465 107 468 109 “
658 92 886 136 LIBANH
916 91 1307 137 DECLAMATIO
1341 92 1426 137 XX

184 235 349 281 τοῦτο
406 235 548 296 γοῦν
599 248 695 296 μοι
749 226 877 299 παρ’
937 227 1096 298 ὑμῶν
1144 229 1388 300 ὑπάρχῃ,
1449 235 1688 299 ταφῆναι
1748 229 1888 300 παρ’

183 316 320 386 ὑμῖν
360 314 484 370 ἀντὶ
524 326 636 370 τῶν
676 316 1170 386 πεπολιτευμένων.

299 405 348 459 2.
398 409 483 478 Τῷ
525 407 677 478 δήμῳ
717 406 820 476 μὲν
858 402 963 460 οὖν
1003 403 1172 459 οὐδὲν
1210 405 1439 476 ἐγκαλῶ,
1478 407 1570 459 καὶ
1607 408 1712 476 γὰρ
1751 425 1885 477 προ-

183 497 426 563 θεσμίαν
478 493 644 564 ᾔτησε
698 496 846 564 παρὰ
898 503 998 548 τοῦ
1045 496 1375 558 Μακεδόνος
1429 496 1519 548 καὶ
1572 494 1730 566 μέχρι
1783 503 1885 550 τοῦ

140 604 159 637 ⁶
185 590 293 636 νῦν
347 585 696 653 βουλεύεται,
753 583 871 637 ἀλλ’
927 584 1210 653 ἀμφότερα
1260 591 1432 637 ταῦτα
1490 585 1660 638 δεινοί.
1710 587 1772 638 τό
1825 605 1883 638 τε

187 673 292 740 γὰρ
336 671 637 741 ἐκδοθῆναι
684 675 939 745 Φιλίππῳ
978 673 1203 726 πάντων
1242 671 1358 726 ἐστὶ
1398 675 1784 743 χαλεπώτατον
1821 663 1885 727 τό

183 781 241 814 τε
297 763 391 829 ζῆν
450 761 626 824 οὕτως
681 760 1010 831 ἐλεούμενον
1073 761 1334 830 οὐδεμιᾶς
1397 764 1686 815 λείπεσθαι
1749 775 1882 829 συμ-

94 853 215 898 RIV
233 859 319 898 818
368 858 545 920 φορᾶς
581 849 971 919 ὑπολαμβάνω.
1021 849 1028 922 Ι
1077 854 1136 903 τί
1173 851 1278 919 γὰρ
1317 849 1458 919 (biv)
1497 850 1886 919 ἀλγεινότερον

183 940 386 992 τούτου
434 938 648 1006 γένοιτο
699 938 731 1008 ἢ
775 943 871 1008 ζῆν
918 937 1008 1008 ἐμὲ
1054 937 1179 1007 παρ’
1229 939 1364 1009 ὑμῖν
1405 939 1464 993 ἐκ
1508 940 1883 1009 ψηφίσματος;

119 1049 162 1081 10
302 1027 351 1080 3.
379 1025 531 1080 ‘'¹me
573 1025 634 1080 δὲ
674 1028 740 1081 οὐ
782 1026 909 1098 περὶ
950 1029 1242 1097 στεφάνων
1290 1028 1701 1098 ἀγωνιούμενος
1751 1026 1882 1081 οὐδὲ

184 1115 310 1185 περὶ
344 1118 568 1186 δωρεᾶς,
601 1115 719 1169 ἀλλ’
760 1116 929 1181 ἀξιῶν
959 1137 1055 1185 μοι
1086 1125 1250 1171 τοῦτο
1285 1119 1527 1186 δοθῆναι
1560 1115 1688 1188 παρ’
1725 1118 1883 1185 ὑμῶν

186 1204 246 1258 ἐν
294 1205 444 1275 μέρει
491 1213 585 1273 τῆς
634 1209 893 1274 μεγίστης
939 1207 1391 1274 φιλανθρωπίας,
1433 1205 1756 1259 ἀποθανεῖν.
1805 1208 1883 1269 εἰς

184 1302 350 1347 τοῦτο
399 1295 502 1364 γὰρ
550 1294 692 1363 τάμὰ
738 1293 1054 1365 περιέστηκε
1099 1296 1389 1364 πράγματα
1444 1295 1582 1347 ὥστε
1628 1295 1730 1363 τὴν
1782 1302 1884 1347 τοῦ

183 1383 435 1436 θανάτου
483 1384 669 1452 κρίσιν
718 1385 932 1454 δωρεὰν
977 1384 1408 1453 ὑπολαμβάνειν.
1450 1388 1635 1450 οἰόμαι
1682 1381 1743 1436 δὲ
1788 1386 1883 1437 Φί-

117 1492 161 1525 15
186 1475 392 1524 λιππον
431 1472 783 1540 ἡσθήσεσθαι
830 1474 1083 1541 μαθόντα
1128 1474 1230 1541 τὴν
1276 1471 1411 1540 ε’μὴν
1459 1472 1767 1542 συμφοράν.
1813 1472 1883 1525 οὐ

183 1561 290 1630 γὰρ
327 1561 483 1630 ἰδεῖν,
524 1559 642 1614 ἀλλ’
681 1560 992 1614 ἀποθανεῖν
1023 1559 1400 1630 Δημοσθένην
1432 1561 1707 1629 βούλεται,
1743 1561 1880 1614 ὥστε

184 1647 252 1701 τά
291 1668 347 1701 τε
388 1650 526 1701 ἄλλα
567 1648 595 1702 ὁ
628 1651 874 1712 θάνατος
915 1646 1077 1712 οὗτος
1108 1648 1199 1702 καὶ
1233 1653 1402 1719 φίλον
1433 1649 1567 1718 ὑμῖν
1608 1649 1886 1718 ἀποφανεῖ

184 1737 283 1790 τὸν
329 1740 621 1791 Φίλιππον.
677 1739 762 1791 δεῖ
817 1739 920 1807 γὰρ
976 1738 1117 1805 ὑμᾶς
1172 1739 1546 1792 διαλύσασθαι
1597 1740 1700 1807 τὴν
1745 1739 1882 1807 πρὸς

185 1825 402 1879 ἐκεῖνον
441 1823 652 1897 ἔχθραν
691 1825 825 1896 ἐμοῦ
863 1830 1302 1896 τελευτήσαντος.

306 1991 331 2030 2
365 1986 422 2031 cf.
447 2002 494 2043 p.
520 1991 620 2042 286,
642 1992 694 2031 11
834 1993 860 2030 4
893 1987 949 2031 cf.
982 2003 1026 2044 p.
1053 1992 1153 2042 299,
1173 1993 1226 2031 15
1373 1991 1427 2032 10
1460 1987 1516 2031 cf.
1549 2003 1594 2044 p.
1622 1992 1721 2041 300,
1741 1992 1795 2031 10
1814 2002 1880 2043 sq.

187 2046 403 2090 Aeschin.
438 2045 557 2089 Ctes.
592 2051 617 2100 ξ
643 2051 729 2090 210
853 2052 907 2090 15
941 2047 997 2091 cf.
1030 2063 1075 2104 p.
1104 2052 1202 2102 285,
1222 2052 1246 2090 2

309 2200 331 2237 1
359 2201 472 2251 γοῦν
496 2210 576 2251 μοι
598 2201 735 2238 τοῦτο
753 2195 818 2238 Li
939 2199 964 2238 3
996 2195 1088 2251 μὴν
1107 2195 1226 2238 Mon
1253 2197 1259 2251 Ι
1288 2193 1398 2238 οὐδὲ
1414 2195 1523 2238 Mat
1641 2200 1669 2238 4
1694 2201 1777 2238 τοῦ
1805 2208 1880 2238 om

187 2255 251 2298 Li
373 2258 395 2296 7
430 2254 650 2309 οὐδεμιᾶς
673 2254 1006 2298 HVMatMo‘n
1029 2254 1097 2297 Re
1219 2258 1245 2298 8
1279 2251 1338 2299 ἂν
1369 2253 1545 2298 inserui
1570 2268 1675 2297 cum
1699 2253 1879 2296 Sinteni

247 2326 322 2355 om
346 2311 456 2355 libri
474 2312 541 2356 Re
663 2317 688 2355 9
715 2310 744 2368 ἢ
770 2312 1154 2357 cancellandum‘?
1183 2314 1188 2368 Ι
1217 2312 1300 2368 μὲν
1317 2314 1426 2356 ante
1453 2311 1530 2368 ἐμὲ
1551 2314 1606 2357 H
1610 2314 1881 2358 VMatMcm

186 2370 254 2414 Re
317 2371 466 2414 delevi
611 2375 666 2414 10
699 2373 754 2415 οὐ
786 2371 912 2415 inser
936 2371 996 2415 V²
1140 2376 1193 2415 11
1233 2378 1370 2415 τοῦτο
1410 2372 1595 2427 reposui
1635 2384 1690 2414 ex
1715 2372 1766 2414 H
1775 2371 1881 2415 VLi

188 2444 291 2474 cum
315 2430 524 2473 Iacobsio
550 2430 663 2474 Lect
682 2435 765 2474 149
790 2430 887 2474 Rev
904 2435 990 2473 425
1050 2433 1114 2488 τῷ
1138 2428 1189 2475 τὸ
1218 2432 1447 2475 MatMon
1471 2430 1539 2474 Re
1563 2431 1688 2486 quod
1721 2430 1880 2474 delen-

188 2489 300 2532 dum
324 2489 505 2532 censuit
522 2488 725 2533 Sintenis
785 2487 913 2534 τοῦτ’
942 2489 1055 2534 αὐτὸ
1077 2489 1241 2533 Iacobs
1268 2489 1433 2533 Schulz
1450 2493 1505 2532 57
1535 2491 1541 2542 Ι
1567 2490 1696 2545 ὑμῶν
1715 2489 1879 2545 scripsi

1711 2555 1881 2603 πεῖραν

246 2608 355 2663 ὑμῖν
386 2606 495 2650 libri
519 2606 587 2650 Re
711 2612 765 2650 14
795 2604 947 2661 κρίσιν
973 2607 1016 2650 V
1043 2608 1125 2650 sed
1148 2614 1317 2662 πεῖραν
1348 2621 1562 2663 suprascr
1583 2607 1654 2649 m²
1712 2604 1862 2662 κρίσιν

191 2667 309 2710 Mon
383 2672 550 2721 πεῖραν
575 2667 639 2710 Li
761 2671 815 2710 15
839 2664 1137 2722 ἡσθήσεσθαι
1162 2666 1326 2722 scripsi
1387 2667 1596 2723 ἡσθῆναι
1621 2667 1678 2710 H
1683 2667 1786 2711 VLae·
1808 2665 1879 2709 Re

247 2724 456 2780 ἡσθῆναι
481 2726 600 2768 Mon
675 2724 889 2781 ἠαθῆναι
916 2726 1025 2769 Mat
1099 2724 1309 2780 ἡσθῆναι
1349 2722 1408 2769 ἂν
1446 2724 1607 2768 Iacobs
1650 2725 1762 2769 Lech
1792 2729 1877 2767 150

188 2783 285 2826 Rev
316 2788 401 2826 425
435 2782 600 2827 Schulz
633 2788 687 2826 57
740 2785 746 2838 Ι
796 2781 1012 2839 μαθόντα
1045 2797 1120 2827 om
1143 2785 1208 2828 Li
1337 2788 1390 2827 17
1424 2780 1576 2833 οὗτοςῚ
1608 2782 1774 2827 ὀπάσει
1803 2782 1877 2826 vel

190 2840 346 2896 ὀνήσει
376 2842 537 2886 Iacobs
570 2842 667 2885 Rev
699 2847 784 2885 425
834 2844 841 2898 1
883 2843 1123 2899 ἀποφανεῖ
1153 2842 1320 2898 scripsi
1381 2824 1638 2898 ἀποφαίνει
1668 2842 1776 2885 libri
1808 2842 1877 2884 Re

311 2905 364 2943 18
396 2901 447 2944 τὸ
475 2903 584 2944 Mat
609 2905 615 2956 Ι
643 2901 764 2957 ἡμᾶς
786 2901 850 2944 Li
882 2901 963 2944 sed
994 2918 1023 2958 η
1054 2900 1124 2944 m²
1247 2906 1300 2944 19
1333 2900 1523 2946 ἐκείνων
1548 2902 1612 2946 Li
