2010 3168
970 604 1143 658 XVII.

323 728 634 776 Declamatio
673 726 913 790 inscripta
959 726 1078 776 Οὐκ
1117 725 1148 775 ἀ
1162 732 1355 777 ντεΐπε
1395 733 1467 796 τῷ
1505 729 1780 798 Φιλίππῳ
1820 748 1903 794 γι·

214 799 441 871 νομένῳ
504 799 873 866 ἀμφικτύονι
927 798 952 849 ὅ
1007 800 1298 866 Αἰσχίνης
1361 799 1541 866 μόνος
1603 801 1904 866 πεμφθεὶς

209 875 551 942 πυλαγόρας
589 873 686 924 καὶ
726 873 1072 924 ἐπανελθὼν
1111 875 1376 940 κρίνεται
1423 876 1728 941 δημοσίων
1775 874 1904 925 ἀδι-

207 968 241 998 κ
251 969 282 1013 η
293 969 327 1013 μ
337 950 368 998 ά
377 968 402 998 τ
411 969 448 998 ω
458 968 488 998 ν
535 966 637 1012 qua
684 950 804 998 civis
838 950 1040 1012 quidam
1056 943 1098 1015 1)
1153 952 1207 998 in
1253 951 1481 999 contione
1528 951 1903 1000 Atheniensium

211 1025 528 1073 vehementer
557 1025 610 1071 in
632 1023 929 1072 Aeschinem
958 1024 1225 1085 invehitur,
1258 1025 1390 1086 quod
1412 1026 1680 1088 pylagoras
1704 1027 1758 1072 in
1781 1024 1903 1073 Am-

211 1099 535 1161 phictyonum
574 1098 784 1147 concilio
825 1098 1029 1159 obloqui
1067 1099 1284 1147 noluerit
1333 1100 1598 1161 quominus
1640 1099 1903 1161 Philippus

211 1173 319 1222 loco
352 1173 680 1220 Phocensium
709 1173 1023 1235 reciperetur.
1036 1166 1078 1238 2>
1143 1173 1380 1230 Quamvis
1418 1173 1590 1222 multis
1632 1173 1902 1221 luminibus

213 1263 238 1295 e
271 1247 616 1296 Demosthenis
650 1247 708 1294 de
741 1262 921 1295 corona
962 1250 1011 1295 et
1042 1247 1101 1294 de
1139 1246 1269 1295 falsa
1307 1247 1555 1310 legatione
1595 1247 1903 1295 orationibus

211 1321 382 1383 petitis
415 1321 686 1383 splendeat,
717 1323 884 1368 tamen
908 1321 1168 1383 plerisque
1200 1321 1479 1370 hominibus
1512 1321 1667 1370 doctis
1700 1321 1904 1370 sorduit.

211 1395 393 1443 Nullus
426 1411 484 1442 ex
515 1410 574 1443 ea
603 1395 741 1443 locus
773 1395 906 1457 apud
928 1394 1282 1458 fiorilegiorum
1307 1398 1531 1444 auctores
1557 1396 1635 1444 vel
1659 1411 1902 1459 gramma-

209 1471 336 1518 ticos
362 1471 524 1517 exstat
548 1471 596 1517 et
619 1470 791 1531 paucis
817 1469 1064 1517 codicibus
1090 1469 1154 1516 ad
1177 1472 1399 1517 nostram
1424 1472 1641 1518 aetatem
1661 1471 1901 1532 pervenit.

209 1541 308 1599 Qui
338 1546 456 1591 sunt
485 1543 539 1590 hi
571 1546 757 1605 septem
770 1560 781 1590 ε

331 1701 372 1755 1)
405 1698 541 1743 Hunc
572 1699 936 1742 Demosthenem
966 1694 1109 1742 fuisse
1142 1698 1346 1754 vulgaris
1379 1699 1577 1754 quidem
1617 1700 1689 1742 est
1727 1699 1900 1754 opinio.

207 1758 274 1802 At
304 1758 422 1802 haec
444 1772 538 1801 non
563 1758 713 1802 solum
738 1757 1006 1801 testimonio
1033 1760 1230 1801 caret—
1249 1773 1356 1801 nam
1381 1757 1547 1801 titulus
1573 1755 1723 1815 Λόγος
1746 1758 1820 1803 ἐπὶ
1845 1761 1907 1818 τᾷ,

206 1825 293 1861 τοῦ
325 1816 660 1874 Δημοσθένους
699 1815 892 1872 ὀνόματι
930 1814 1034 1860 κατ’
1071 1815 1287 1874 Αἰσχίνου
1326 1816 1593 1874 πυλαγόρου
1633 1831 1772 1873 quem
1802 1805 1901 1861 Μο-

209 1875 352 1921 rellus
408 1876 740 1920 declamationi
794 1876 1010 1932 praefixit
1071 1876 1356 1931 Reiskiaque
1421 1876 1637 1931 retinuit,
1693 1890 1722 1920 a
1767 1876 1899 1920 libris

207 1935 417 1980 abest-
436 1936 518 1979 sed
543 1936 687 1979 etiam
712 1936 893 1979 ratione
917 1936 1216 1992 redarguitur
1240 1949 1333 1991 qua
1357 1935 1407 1978 in
1432 1935 1811 1980 declamatione
1797 1950 1901 1992 lpsa

210 2010 256 2052 p
283 1999 454 2048 238,11
475 2010 542 2051 sq.
574 1995 713 2039 verba
745 1995 802 2039 de
835 1994 1145 2038 Demosthene
1175 1994 1307 2038 fiunt.

331 2056 373 2111 2)
406 2055 744 2112 Argumentum
792 2053 981 2110 quidem
1023 2068 1094 2096 res
1142 2067 1262 2097 anno
1297 2059 1382 2097 346
1430 2056 1586 2111 gestas
1623 2053 1775 2109 (Diod
1809 2053 1898 2098 Sic

209 2113 318 2156 XVI
342 2118 419 2167 603
451 2113 582 2158 Dem.
615 2113 718 2157 fals.
748 2112 838 2170 leg.
871 2129 915 2169 p.
942 2118 1042 2166 446
1061 2115 1190 2168 8sq.)
1224 2114 1406 2180 spectat
1437 2126 1553 2168 quas
1586 2112 1899 2169 Theopom-

211 2187 311 2229 pus
342 2172 643 2217 historiarum
674 2169 1043 2228 Philippicarum
1074 2171 1207 2215 libris
1249 2172 1435 2228 copiose
1474 2174 1745 2228 persecutus
1785 2173 1899 2226 erat,

211 2232 619 2276 Demosthenes
652 2232 862 2275 clatione
888 2232 945 2274 de
970 2245 1154 2286 corona,
1178 2231 1302 2275 idem
1331 2245 1476 2286 aeque
1502 2233 1642 2287 atque
1667 2231 1899 2274 Aeschi-

211 2305 306 2334 nes
338 2290 625 2334 orationibus
650 2291 707 2334 de
730 2291 852 2334 falsa
876 2290 1112 2346 legatione
1137 2290 1312 2334 habitis
1336 2290 1609 2347 tetigerunt,
1634 2290 1715 2334 sed
1738 2290 1898 2334 fictum

208 2352 296 2404 est.
357 2350 495 2405 Nam,
527 2353 581 2393 ut
611 2350 706 2393 iam
739 2351 847 2393 Arn.
882 2349 1102 2393 Schaefer
1132 2349 1486 2404 (Demosthenes
1517 2349 1558 2392 ΙΙ
1587 2348 1711 2406 2919)
1745 2349 1899 2393 obser-

211 2409 349 2463 vavit,
381 2408 462 2452 illo
496 2423 617 2459 anno
649 2423 800 2465 neque
824 2409 1079 2452 Aeschines
1102 2408 1355 2464 pylagoras
1387 2408 1478 2451 fuit
1501 2408 1682 2464 (Aesch.
1709 2407 1767 2452 de
1793 2408 1896 2452 fals.

210 2468 300 2524 leg.
338 2473 362 2520 ξ
388 2472 488 2523 142)
531 2482 681 2524 neque
729 2468 848 2511 alius
892 2467 1247 2511 Atheniensium
1288 2468 1337 2510 in
1379 2467 1461 2511 illo
1505 2467 1898 2522 Amphictyonum

209 2526 409 2571 concilio
441 2526 664 2583 suffragia
706 2527 817 2570 tulit
849 2526 993 2583 (Dem.
1026 2526 1130 2570 fals.
1163 2526 1253 2582 leg.
1287 2532 1311 2579 ξ
1339 2531 1421 2570 132
1455 2528 1502 2570 et
1537 2529 1653 2581 181).
1714 2526 1766 2568 In
1805 2526 1898 2569 sin-

212 2585 335 2638 gulis
366 2585 503 2629 rebus
537 2586 816 2630 declamatio
848 2588 948 2630 tota
981 2599 1036 2629 ex
1067 2585 1162 2628 illis
1195 2585 1483 2629 orationibus
1516 2586 1621 2628 cum
1652 2584 1896 2628 Aeschinis

209 2647 312 2688 tum
335 2644 662 2688 Demosthenis
690 2645 878 2701 pendet,
911 2644 993 2688 sed
1019 2644 1162 2688 etiam
1186 2644 1475 2700 Theopompi
1499 2644 1628 2700 operi
1651 2643 1897 2687 Libanium

210 2704 418 2747 studium
440 2718 574 2746 suum
601 2704 908 2759 applicavisse
931 2703 1003 2748 vel
1027 2703 1229 2747 indicem
1246 2703 1640 2759 Amphictyonum
1664 2703 1746 2757 qui
1770 2702 1897 2758 apud

209 2775 318 2806 eum
359 2777 404 2818 p.
432 2767 530 2814 215,
551 2766 604 2805 10
623 2777 687 2818 sq.
723 2765 876 2806 exstat
921 2777 1024 2806 cum
1068 2762 1366 2818 Theopompo
1407 2761 1627 2818 (Mueller
1656 2761 1711 2804 fr.
1744 2761 1850 2804 hist.
1877 2762 1894 2804 1

211 2836 257 2877 p.
284 2826 366 2864 291
401 2821 454 2863 fr.
481 2825 558 2876 803
592 2821 646 2864 fr.
675 2826 726 2864 77
762 2822 832 2864 ed.
867 2821 1073 2865 Grenfell
1104 2824 1151 2865 et
1183 2821 1328 2877 Hunt)
1361 2823 1408 2864 et
1438 2821 1667 2864 Aeschine
1700 2819 1758 2864 de
1788 2820 1893 2864 fals.

212 2879 302 2937 leg.
329 2885 353 2932 ξ
382 2884 464 2923 116
499 2881 785 2936 comparanti
819 2883 1027 2936 apparet.
