2010 3168
532 137 863 183 INVECTIVA
894 137 962 181 IN
991 137 1343 183 AESCHINEM
1677 138 1781 191 189

201 279 587 330 Necessitudinis
619 279 872 327 vinculum
905 278 1036 340 quod
1068 280 1200 327 inter
1230 279 1452 342 singulos
1486 278 1675 327 codices
1708 279 1782 325 in-

87 355 298 404 tercedit
334 354 426 401 hoc
456 353 550 402 tibi
581 353 755 402 reddet
786 355 994 401 stemma

573 477 1244 694 bs&

396 684 667 989 A
1020 690 1416 995 Α

656 1004 704 1056 Ρ
978 1012 1023 1055 Η
1175 1011 1254 1055 Ma
1413 1011 1452 1055 D

89 1154 254 1203 Godex
302 1154 598 1215 archetypus
638 1169 671 1201 a
701 1153 847 1202 valde
885 1152 1148 1201 mendosus
1189 1155 1317 1208 erat,
1364 1155 1420 1199 ut
1458 1154 1652 1200 textum
1687 1151 1785 1199 sin-

87 1229 219 1294 gulis
251 1228 501 1277 codicibus
531 1228 775 1276 traditum
804 1227 1033 1289 plurimis
1076 1227 1198 1275 locis
1230 1228 1445 1290 vestigia
1476 1226 1783 1288 corruptelae

89 1320 207 1366 prae
241 1318 291 1351 se
322 1303 449 1351 ferre
480 1302 607 1349 m'hil
637 1301 919 1349 mirandum
950 1301 1028 1349 sit.

201 1376 511 1425 Declamatio
557 1378 611 1423 in
663 1376 825 1423 lucem
870 1378 1125 1437 protracta
1181 1377 1255 1422 est
1295 1390 1324 1422 a
1364 1374 1493 1422 Fed.
1532 1373 1782 1422 Mol-ello

88 1446 186 1519 (=
203 1445 336 1517 Mor)
364 1452 418 1498 in
440 1449 639 1498 Libanii
663 1465 870 1512 operum
893 1450 1148 1497 volumine
1171 1448 1223 1496 Π
1246 1448 1451 1497 Parisiis
1484 1464 1613 1496 anno
1642 1449 1782 1496 1627

90 1526 223 1575 foras
247 1526 397 1574 misso
424 1524 556 1586 quod
579 1525 829 1573 orationes
854 1524 1073 1573 continet
1097 1540 1144 1586 p.
1165 1524 1380 1571 fisi—7
1386 1524 1472 1583 06,
1501 1525 1557 1570 ut
1580 1523 1686 1585 ipse
1711 1522 1785 1569 ait

89 1615 177 1658 „ex
206 1599 378 1648 Codice
399 1599 550 1659 Reyio
575 1599 939 1647 Danaesianffl.
984 1596 1135 1654 Quem
1161 1597 1315 1645 fuisse
1339 1597 1621 1645 Parisinum
1640 1598 1781 1645 2998

90 1675 372 1723 coniectatu
402 1672 621 1736 proclive
653 1675 742 1721 est.
781 1672 852 1720 At
882 1673 962 1720 hic
987 1672 1138 1721 codex
1160 1671 1359 1719 Morelli
1384 1671 1581 1733 quidem
1611 1672 1784 1732 ipsius,

89 1765 190 1797 non
221 1748 406 1812 Regiae
436 1747 766 1795 bibliothecae
799 1749 929 1805 erat,
959 1746 1012 1793 in
1044 1762 1197 1808 quam
1228 1745 1426 1793 demum
1456 1761 1555 1793 uno
1588 1745 1783 1793 saeculo

89 1825 218 1885 post,
242 1822 432 1870 scilicet
464 1837 592 1869 anno
621 1822 779 1882 1717,
804 1836 915 1869 cum
938 1820 1146 1882 reliquis
1178 1820 1319 1868 libris
1346 1818 1595 1867 Sirmondi
1625 1821 1784 1866 trans·

89 1898 167 1945 iit.
224 1895 452 1944 Codicem
482 1911 599 1944 vero
631 1895 842 1958 Regium
873 1895 1243 1943 Danaesianum
1273 1895 1375 1941 iam
1400 1896 1487 1941 aut
1510 1909 1599 1955 per
1620 1895 1785 1955 ipsum

91 1971 327 2019 Petrum
361 1969 745 2029 Danaesium,
777 1969 992 2031 primum
1018 1967 1233 2017 Graecae
1258 1969 1461 2032 linguae
1485 1969 1539 2015 in
1565 1966 1784 2030 Collegio

93 2044 249 2108 Regio
280 2044 623 2106 professorem,
654 2047 828 2105 postea
861 2043 1147 2105 episcopum
1177 2042 1501 2102 Vaurensem,
1538 2043 1625 2103 qui
1656 2057 1784 2088 anno

97 2120 236 2168 1577
274 2118 397 2166 obiit
408 2111 465 2184 1),
498 2119 585 2166 aut
617 2134 675 2164 ex
704 2117 851 2166 huius
882 2118 1190 2179 possessione
1227 2118 1282 2163 in
1311 2115 1663 2164 bibliothecam
1694 2115 1786 2163 Re-

93 2194 229 2255 giam
267 2192 521 2240 transiisse
560 2193 839 2240 statuamus
882 2206 1077 2238 necesse
1121 2193 1208 2238 est.
1270 2189 1349 2238 Ab
1398 2189 1623 2237 omnibus
1667 2204 1783 2236 vero

93 2267 182 2328 qui
218 2266 364 2314 hodie
403 2267 672 2327 supersunt
717 2265 966 2313 codicibus
1013 2267 1215 2326 excepto
1261 2265 1539 2327 fragmento
1579 2263 1630 2310 D
1673 2279 1786 2310 eum

91 2340 342 2388 diversum
384 2340 537 2387 fuisse
569 2339 682 2386 inde
712 2341 854 2401 patet
884 2339 1019 2401 quod
1048 2338 1282 2387 Morellus
1316 2339 1405 2399 qui
1440 2352 1490 2386 se
1523 2353 1580 2385 ex
1612 2353 1668 2384 eo
1700 2337 1785 2384 de-

93 2414 443 2463 clamationem
474 2413 684 2460 edidisse
714 2413 976 2475 profitetur
1005 2413 1187 2460 multas
1212 2428 1242 2460 a
1265 2411 1613 2474 superstitibus
1645 2411 1784 2458 libris

93 2488 284 2536 alienas
314 2488 551 2535 lectiones
581 2488 663 2534 vel
692 2486 898 2549 praebet
926 2487 1007 2535 vel
1030 2487 1232 2549 profert.
1278 2485 1387 2533 Iam
1410 2485 1575 2534 codice
1598 2485 1649 2532 D
1672 2485 1785 2533 reli-

0 2625 2 2631 ,
96 2561 238 2624 quias
285 2561 429 2624 Regii
475 2561 778 2609 Danaesiani
824 2561 1067 2609 contineri
1117 2563 1192 2608 est
1247 2559 1332 2621 qui
1380 2560 1601 2607 conicere
1646 2559 1783 2607 velit.

0 2657 3 2665 ν
94 2635 263 2696 Atque
287 2635 431 2682 illum
461 2635 661 2696 quidem
692 2635 909 2683 codicem
940 2634 1039 2682 iam
1073 2634 1162 2682 sub
1186 2633 1448 2681 Francisco
1476 2633 1502 2680 I
1524 2634 1577 2680 in
1607 2632 1782 2680 biblio·

0 2717 3 2741 ?
93 2709 241 2756 theca
275 2709 435 2772 Regia
472 2709 625 2756 fuisse
664 2711 871 2756 constat.
933 2709 1108 2770 Neque
1149 2707 1281 2769 quod
1318 2707 1454 2769 prius
1492 2709 1546 2754 in
1585 2706 1783 2754 Ioannis

0 2767 5 2794 l

0 2862 6 2922 ἴε

0 2807 4 2846 3
96 2782 212 2829 Pini
242 2782 562 2843 possessione,
594 2783 637 2831 si
668 2798 784 2830 vero
814 2782 1075 2830 Morellum
1108 2781 1359 2842 audimus,
1402 2790 1550 2842 penes
1583 2780 1783 2828 Petrum

220 2894 262 2948 l)
296 2891 362 2936 Cf.
389 2891 544 2936 Gallia
576 2891 840 2936 Christiana
866 2893 931 2936 III
955 2897 1083 2936 1142.
1127 2891 1332 2946 Rebitte,
1365 2890 1630 2935 Guillaume
1656 2890 1784 2933 Bude

96 2966 144 3007 p.
170 2955 225 2995 65
243 2966 309 3006 sq.
373 2951 543 2995 Omont
573 2951 682 2994 Rev.
715 2951 796 2995 des
828 2951 888 2994 et.
921 2965 988 3008 gr.
1021 2951 1127 2994 XVI
1149 2955 1249 2994 417.
