2010 3168
586 76 1067 124 ARISTOPHONTIS
1100 76 1326 122 ORATIO
1700 78 1801 130 183

111 236 276 286 ματα;
321 214 412 269 καὶ
458 217 660 277 Νικίας
704 212 830 284 μέν,
877 213 944 266 ὃν
991 210 1209 284 ἐπῄνεις
1255 214 1350 281 σύ,
1397 215 1574 287 καίτοι
1624 212 1803 267 πάντα

112 303 333 374 μέλλειν
372 305 572 371 δοκῶν,
610 305 815 371 ἔλεγεν,
847 305 1130 372 ἔπραττεν,
1170 301 1502 372 ἐστρατήγει,
1541 303 1804 371 παρετάτ-

110 413 246 462 τετο,
284 391 390 461 ἐγὼ
424 389 485 445 δὲ
524 394 733 445 δείσειν
763 388 994 459 ἔμελλον
1023 392 1121 454 τὰς
1151 400 1265 444 τῶν
1297 393 1804 461 συκοφαντούντων

108 482 301 551 μάχαςς
342 479 457 533 οὔτ’
502 477 740 550 ἔμπορος
779 479 812 548 ἢ
844 472 1155 548 ναύκληρος
1193 478 1274 533 ὢν
1306 479 1629 549 ἐφοβούμην
1663 479 1804 549 <ὄὶν>

111 571 209 623 τὸν
235 571 425 638 ψόφον
454 578 567 622 τῶν
598 570 872 638 κυμάτων,
905 561 988 631 οἷς
1020 571 1188 638 συζῆν
1219 568 1522 638 ἀναγκαῖον
1548 565 1636 637 ἠν,
1676 570 1803 622 οὔτε
1851 591 1871 623 5

111 660 430 727 δημηγόρου
468 657 711 711 δεδιέναι
749 660 940 727 ψόφον
972 657 1342 727 ἐγκλημάτων,
1367 657 1401 711 ἃ
1434 659 1601 726 φύσει
1632 676 1806 726 παρα-

111 751 380 800 κολουθεῖ
422 756 537 809 τοῖς
591 746 864 815 λέγουσιν.
919 746 1131 800 ἁλῶναί
1181 765 1314 800 ποτε
1367 746 1588 816 βέλτιον
1641 746 1806 814 ὁμόσε

112 844 398 905 χωροῦντα
436 844 555 898 ταῖς
587 836 786 899 αἰτίαις
816 835 849 904 ἢ
881 843 1047 889 τοῦτο
1080 836 1367 889 δεδοικότα
1397 837 1470 904 μὴ
1502 836 1807 906 παρρησιά-

112 927 314 989 ζεσθαι.
356 924 442 978 66.
479 926 527 977 εἰ
560 925 621 978 δὲ
651 925 844 994 βούλει
875 923 966 977 καὶ
998 925 1100 993 τὴν
1130 924 1442 994 ἀσφάλειαν
1480 931 1706 978 σκοπεῖν
1745 923 1806 977 ἐν

109 1013 299 1076 αὐτοῖς
344 1022 459 1076 τοῖς
498 1014 807 1081 κινδύνοις,
863 1013 990 1083 ὅρα,
1029 1015 1113 1076 τίς
1149 1012 1182 1082 ἢ
1221 1015 1459 1082 πόλεμος
1497 1014 1599 1066 οὐκ
1638 1013 1804 1082 ἀναγ-
1830 1036 1873 1067 ιο

109 1110 264 1164 καῖος
310 1101 553 1171 ἠλέγχθη
601 1123 695 1171 μοι
747 1101 1210 1171 πεπολιτευμένος
1254 1101 1287 1171 ἦ
1342 1105 1536 1166 στόλος
1581 1104 1807 1172 ἄκαιρος

112 1191 144 1259 ἢ
184 1194 353 1258 νόμος
392 1192 685 1261 ἄχρηστοςς
725 1193 793 1245 οὔ
834 1206 1007 1261 φασιν
1047 1193 1099 1245 οὶ
1131 1193 1227 1255 τὰς
1266 1190 1396 1259 ἐμὰς
1435 1193 1655 1261 γνώμας
1693 1190 1807 1244 ἐπι-

110 1282 470 1349 ψηφίσαντες.

224 1369 309 1422 67.
364 1371 440 1422 Εἰ
492 1370 554 1423 δὲ
603 1370 777 1439 μηδὲν
832 1370 1091 1439 ἁμαρτὼν
1144 1369 1206 1423 ἐν
1259 1371 1459 1433 αἰτίαις
1520 1369 1806 1438 ἐγενόμην,

110 1456 416 1528 ἐκρίθησαν
468 1457 558 1512 καὶ
612 1461 764 1527 θεοί,
805 1457 973 1529 ’Ἀρης
1029 1457 1117 1511 ἐπὶ
1164 1456 1497 1531 Ἁλιρροθίῳ
1559 1457 1650 1512 καὶ
1705 1459 1806 1527 τὴν
1831 1480 1872 1512 15

111 1548 274 1615 νίκην
321 1547 423 1601 οὐκ
475 1547 819 1617 ὀνειδίζεται,
865 1547 1172 1614 Εὐμενίδες
1225 1548 1287 1601 δὲ
1338 1546 1430 1601 καὶ
1484 1549 1587 1616 τὴν
1640 1543 1807 1615 ἧτταν

111 1634 413 1704 ἠνέγκαντο
463 1633 556 1689 ὑπ’
603 1635 807 1706 ἀνδρὸς
853 1634 982 1689 θεαὶ
1026 1635 1118 1689 καὶ
1155 1633 1249 1689 ὑπ’
1288 1635 1545 1705 Ὀρέστου
1591 1656 1807 1704 νενικη-

109 1724 286 1792 μέναι.
339 1727 512 1788 πόσας
551 1723 825 1796 “Ηρακλῆς
872 1724 1104 1795 ἀνδρίας
1148 1724 1351 1795 ὑπέσχε
1400 1728 1607 1795 κρίσεις
1654 1724 1806 1778 δικά-

114 1817 301 1878 ζοντος
339 1813 701 1882 Εὐρυσθέως·
742 1815 790 1867 εἰ
831 1814 893 1867 δὲ
930 1816 1002 1883 μὴ
1042 1816 1174 1877 τοὺς
1218 1817 1460 1877 πολλοὺς
1506 1814 1807 1875 κινδύνους

111 1905 342 1971 ἤνυσεν,
397 1904 498 1957 οὐκ
552 1903 623 1956 ἂν
675 1903 737 1956 τὸ
792 1911 887 1971 τῆς
941 1903 1252 1966 ἀθανασίας
1304 1899 1487 1957 ἆθλον
1525 1902 1804 1972 ἠνέγκατο.
1831 1926 1872 1957 20

113 1991 215 2044 οὐκ
270 1990 340 2043 ἂν
385 1991 518 2053 θεὸς
563 1986 634 2059 ἠν
673 1990 701 2044 ὁ
741 1994 1023 2055 Διόνυσος
1066 1993 1138 2061 μὴ
1193 1991 1409 2061 κριθεὶς
1453 1997 1528 2064 τῷ
1574 1990 1803 2063 πατρῴῳ

111 2083 260 2148 πυρί.
301 2078 422 2133 ἀλλ’
466 2079 585 2133 οὐδ’
633 2081 800 2143 αὐτὸς
837 2082 1058 2151 ἄκριτος
1107 2082 1388 2149 βασιλεύει
1432 2089 1544 2134 τῶν
1590 2082 1736 2134 ὅλων
1775 2081 1803 2133 ὁ

115 2169 272 2236 Ζεύς,
310 2169 448 2236 πρὸς
495 2172 728 2231 Τιτᾶνας
767 2166 828 2222 δὲ
869 2170 1124 2239 διεκρίθη
1163 2168 1254 2223 καὶ
1289 2171 1573 2238 Γίγαντας.
1614 2167 1655 2222 ὦ
1690 2174 1806 2222 Πο-

233 2289 255 2327 1
276 2284 332 2328 cf.
344 2300 389 2341 p.
402 2289 500 2338 144,
513 2290 532 2327 1
541 2289 581 2328 5.
607 2284 730 2329 Plut.
744 2284 845 2328 Nic.
857 2289 911 2328 21
1023 2290 1075 2330 11
1085 2285 1323 2342 Aristoph.
1334 2300 1397 2330 or.
1409 2286 1535 2343 apud
1544 2285 1805 2342 Theopom-

112 2358 223 2400 pum
247 2343 450 2401 Philipp.
470 2343 641 2387 XXVII
663 2343 719 2388 fr.
743 2349 824 2387 159
853 2344 924 2389 ed.
943 2343 1153 2389 Grenfell
1177 2347 1224 2389 et
1247 2345 1379 2388 Hunt
1501 2350 1554 2390 12
1586 2345 1802 2389 Aeschin.

112 2402 214 2446 fals.
246 2402 338 2460 leg.
371 2419 416 2459 p.
443 2408 513 2456 36,
531 2407 609 2456 273
658 2402 776 2448 Ctes.
809 2419 856 2460 p.
883 2408 951 2458 71,
969 2409 1024 2448 41
1171 2409 1225 2448 15
1266 2404 1324 2448 cf.
1357 2407 1389 2448 t.
1423 2404 1465 2447 V
1489 2408 1575 2448 418
1592 2419 1660 2461 sq.

116 2466 170 2504 17
204 2462 261 2506 cf.
286 2477 332 2518 p.
359 2467 458 2516 134,
478 2467 532 2506 10
654 2467 709 2506 20
741 2462 799 2507 cf.
831 2465 865 2507 t.
891 2462 934 2505 V
959 2467 1057 2519 145,
1078 2467 1132 2507 18
1255 2468 1308 2507 21
1342 2463 1449 2507 Eur.
1480 2463 1648 2508 Bacch.
1676 2468 1702 2506 8

231 2571 258 2609 4
291 2566 475 2623 signum
506 2565 886 2640 interrogationis
917 2566 1053 2623 posui
1084 2581 1190 2610 cum
1222 2566 1379 2611 Gasda
1448 2581 1522 2611 om
1548 2569 1634 2612 Ma
1685 2569 1691 2623 Ι
1743 2565 1802 2610 ἂν

111 2624 285 2668 inserui
345 2638 421 2668 om
447 2627 536 2670 Μα
657 2630 682 2668 6
714 2623 878 2681 ψόφον
910 2625 1076 2682 scripsi
1135 2631 1303 2682 ψῆφον
1330 2628 1419 2671 Μα
1460 2628 1468 2682 Ι
1517 2625 1548 2669 ἃ
1580 2626 1744 2683 scripsi

114 2681 138 2727 ὃ
165 2685 253 2728 Ma
375 2690 427 2728 11
462 2684 522 2741 μὴ
546 2686 654 2752 post
677 2701 763 2759 μοι
774 2687 862 2730 Μα
923 2684 1075 2729 delevi
1102 2684 1109 2742 Ι
1137 2685 1332 2739 ἄκαιρος
1355 2685 1522 2742 scripsi
1581 2684 1800 2740 ἀκέραιος

115 2744 204 2786 Μα
326 2748 380 2787 12
406 2743 460 2787 οὔ
487 2743 651 2799 scripsi
711 2739 766 2787 οὗ
794 2745 882 2788 Μα
1004 2748 1056 2787 17
1083 2745 1164 2788 καὶ
1189 2744 1437 2787 delendum
1462 2747 1620 2789 censet
1644 2743 1799 2788 Gasda

234 2806 287 2845 18
319 2800 490 2856 κρίσεις
519 2802 568 2845 in
599 2815 734 2859 marg
758 2802 871 2847 Ma*
990 2808 1044 2846 21
1078 2803 1272 2863 πατρώῳ
1297 2804 1462 2859 scripsi
1521 2804 1685 2858 πρώτω
1713 2805 1797 2847 Μα

232 2865 287 2903 22
328 2858 433 2905 οὐδ’
467 2861 643 2905 inserui
673 2864 862 2905 auctore
893 2861 1106 2906 Hertlino
1168 2876 1243 2906 om
1269 2864 1354 2907 Μα
1492 2867 1548 2905 23
1581 2861 1798 2918 διεκρίθη

113 2918 277 2975 scripsi
344 2917 570 2976 διακρυθη
599 2921 688 2964 Μα
