2010 3168
353 113 686 159 ANTEOGIA
717 113 797 158 DE
828 113 1010 159 LAIDE
1042 113 1173 159 NON
1203 113 1579 160 REVOCANDA
1698 116 1807 169 479

119 252 371 305 εὔκλειαν
409 249 656 320 ἐμποιεῖν
694 250 886 314 αὑταῖς
923 251 1129 319 ταύτην
1175 251 1491 320 ἡγούμεναι.
1544 253 1679 306 ὥστε
1717 250 1808 306 καὶ

116 341 253 411 πρὸς
290 339 546 404 εὐδοξίαν
584 342 780 410 κοινὴν
817 339 908 394 καὶ
946 341 1084 410 πρὸς
1123 340 1430 410 ἀσφάλειαν
1462 341 1528 395 οὐ
1562 342 1809 396 συνοίσει

117 432 368 499 λυθῆναί
401 449 452 482 τι
490 439 602 482 τῶν
641 429 1004 500 δεδογμένων.
1045 429 1134 483 ὅτε
1173 431 1277 500 γὰρ
1317 429 1563 499 μένουσα
1594 431 1695 500 μὲν
1735 432 1808 494 ὡς

117 520 225 588 ἔχει
266 519 498 572 δίδωσιν
536 515 761 572 ἔννοιαν
802 519 876 582 ὡς
912 519 1052 588 <οὐ>
1093 520 1315 588 φαύλην
1353 520 1506 589 ἡμεῖς
1538 524 1808 591 τιμωρίαν

117 609 394 679 ὡρίσαμεν
446 616 564 671 ταῖς
626 607 820 672 ἀνάξια
883 607 1373 678 διαπραττομέναις
1433 617 1528 678 τῆς
1580 611 1808 678 πόλεως,
1856 629 1875 661 5

116 696 559 768 μετακαλουμένη
602 695 663 750 δὲ
701 696 792 751 καὶ
824 697 949 767 περὶ
981 706 1092 751 τῶν
1124 702 1333 751 λοιπῶν
1366 698 1606 752 δεδιέναι
1638 717 1808 768 παρα-

117 787 379 855 σκευάζει,
418 788 700 857 πρόδηλον
740 788 813 850 ὡς
853 787 918 840 οὐ
953 788 1336 857 σωφροσύνης,
1377 787 1450 850 ὡς
1482 788 1647 851 αὐτὸς
1684 786 1808 859 φῄς,

116 876 413 938 ἀκολασίας
451 877 512 929 δὲ
550 884 816 929 κατιοῦσα
856 878 1064 943 γίνεται
1104 879 1395 946 πρόφασις.

227 965 313 1018 20.
352 963 486 1018 Ἀλλ’
534 965 721 1018 ἰ’σασιν
760 967 1009 1034 ἅπαντες,
1049 967 1096 1018 εἰ
1127 967 1200 1035 μὴ
1233 969 1360 1020 λίαν
1392 965 1535 1020 εἰσὶν
1571 967 1808 1036 εὐήθεις,

114 1062 214 1107 τοῦ
253 1056 604 1123 ψηφίσματος
640 1056 743 1123 τὴν
783 1055 1038 1108 διάνοιαν
1075 1053 1167 1107 καὶ
1199 1056 1301 1124 τὴν
1331 1058 1495 1110 πόλιν
1525 1059 1808 1121 κακίζουσι
1834 1075 1876 1107 10

114 1144 390 1206 τοιούτοις
438 1143 839 1214 ἐπιτρέπουσαν
892 1145 1130 1215 γράφειν
1177 1145 1206 1197 ὅ
1252 1165 1305 1198 τι
1351 1144 1443 1198 καὶ
1496 1146 1808 1213 βούλονται.

114 1239 321 1286 παῦσαι
359 1235 554 1286 τοίνυν
591 1242 706 1296 τοῖς
745 1232 1202 1302 ὁμολογουμένως
1241 1235 1488 1305 αἰσχροῖς
1511 1244 1810 1304 ,συνεργῶν

116 1320 336 1384 εὐνοίας
388 1322 678 1391 προφάσει.
732 1326 910 1385 καλῶς
963 1324 1064 1391 τὴν
1124 1325 1351 1392 νεότητα
1406 1333 1724 1394 σωφρονεῖν
1775 1323 1808 1392 ἡ

114 1413 270 1474 πόλις
307 1412 592 1464 παιδεύσει
631 1414 826 1475 πόνοις
865 1411 1111 1480 ἀρίστοις
1148 1413 1208 1465 τὸ
1240 1414 1545 1482 πλημμελὲς
1577 1413 1809 1466 ἀπελαύ-

114 1515 304 1554 νουσα.
343 1499 433 1553 καὶ
473 1502 576 1571 γὰρ
617 1499 705 1554 ἐπὶ
745 1503 932 1571 θήραν
980 1500 1120 1555 ι’έναι
1167 1501 1412 1566 τοξεύειν
1457 1522 1515 1555 τε
1565 1503 1655 1555 καὶ
1693 1511 1808 1565 τοῖς
1833 1521 1874 1554 1⁵

116 1589 306 1653 ὅπλοις
346 1589 644 1658 ἀναγκάσει
683 1596 924 1660 χρῆσθαι
963 1592 1065 1660 τὴν
1102 1591 1343 1661 μάχιμον
1380 1592 1623 1660 ἡλικίαν,
1671 1593 1809 1645 ὥστε

37 1750 39 1753 .
115 1679 253 1748 μηδὲ
293 1680 479 1749 χώραν
518 1673 659 1732 εἶναι
692 1689 810 1742 ταῖς
840 1680 1081 1749 ἡδοναῖς.
1119 1681 1211 1734 καὶ
1242 1681 1345 1751 γὰρ
1381 1679 1433 1745 ἐξ
1466 1681 1809 1750 ἡδυπαθείας

115 1765 252 1838 ἔρως
317 1767 530 1838 πέφυκε
591 1771 848 1838 γίνεσθαι
914 1769 1005 1823 καὶ
1065 1777 1293 1839 τρυφῆς.
1354 1770 1555 1838 ταύτης
1613 1772 1809 1823 τοίνυν

116 1855 543 1927 ἀναιρουμένης,
591 1857 1087 1929 ἀντεισφερομένης
1135 1859 1197 1912 δὲ
1235 1857 1459 1928 μελέτης
1497 1863 1809 1926 πολεμικῶν

114 1946 418 2014 ἠρεμοῦσιν
449 1948 510 1999 αι’
535 1946 660 2016 περὶ
693 1956 864 2000 ταῦτα
896 1949 1204 2017 φροντίδες.
1246 1948 1331 2001 21.
1358 1946 1474 2001 ἀλλ’
1512 1947 1541 2002 ὁ
1574 1949 1807 2019 χρηστὸς
1831 1970 1874 2002 20

117 2034 305 2088 οὑτοσὶ
359 2036 582 2088 πάντων
636 2036 918 2105 ὑπεριδὼν
973 2035 1094 2100 ἑνὸς
1143 2039 1321 2106 μόνου
1367 2039 1578 2105 γίνεται
1623 2045 1806 2090 πεῖσαι

115 2124 372 2191 κατάγειν
411 2126 594 2178 Λαίδα
631 2124 723 2178 καὶ
761 2124 886 2197 περὶ
925 2127 1129 2179 τούτου
1167 2135 1350 2180 πᾶσαν
1387 2129 1675 2195 πεποίηται
1707 2127 1808 2194 τὴν

236 2237 290 2276 19
324 2233 381 2277 cf.
413 2235 447 2276 ι.
472 2234 514 2276 11
539 2237 638 2289 323,
661 2238 714 2278 18

237 2333 259 2370 1
302 2329 465 2380 αὐταῖς
499 2329 608 2373 libri
641 2330 731 2374 edd
874 2336 899 2374 2
940 2331 1105 2389 κοινὴν
1144 2331 1309 2389 scripsi
1342 2346 1367 2376 e
1391 2332 1733 2378 BVaViMaCl

115 2393 250 2444 κοινῇ
269 2387 385 2431 ΗΜ
404 2388 495 2432 edd
522 2391 528 2444 Ι
557 2387 655 2450 ἰδίᾳ
673 2391 779 2446 post
795 2389 1055 2447 ἀσφάλειαν
1079 2391 1378 2436 inserendum
1403 2391 1507 2436 coni
1532 2391 1688 2436 Gasda

118 2450 142 2488 3
177 2445 246 2490 ὅτι
273 2448 335 2490 M
341 2447 546 2492 ViMaCl
576 2448 686 2492 Ferr
717 2451 764 2493 et
795 2467 849 2507 γρ
881 2449 931 2493 in
962 2463 1097 2508 marg
1127 2451 1229 2495 Mor
1347 2457 1375 2494 4
1409 2452 1462 2496 οὐ
1494 2451 1667 2495 inserui
1698 2463 1804 2494 auc-

116 2507 216 2549 tore
249 2505 407 2549 Gasda
483 2521 558 2550 om
588 2507 697 2551 libri
730 2509 822 2552 edd
872 2511 878 2566 Ι
926 2509 1151 2566 τιμωρίαν
1186 2510 1316 2566 ἡμεῖς
1339 2511 1465 2555 BVa
1610 2515 1632 2553 7
1666 2511 1727 2560 ὡς
1757 2509 1806 2552 in

118 2562 222 2608 ὥστ’
259 2578 361 2608 corr
386 2566 439 2611 Ol
466 2568 471 2623 Ι
500 2566 592 2621 φής
614 2567 725 2611 libri
749 2569 840 2612 edd
963 2573 1017 2613 10
1048 2569 1134 2625 τὴν
1159 2569 1376 2615 διάνοιαν
1399 2577 1482 2614 τοῦ
1506 2567 1807 2626 ψηφίσματος

119 2624 207 2667 Μα
344 2629 396 2668 11
430 2626 610 2677 τούτοις
643 2627 700 2671 Vi
747 2628 754 2685 Ι
805 2626 875 2672 ὅτι
909 2629 976 2672 Va
989 2629 1196 2674 ViMaCl
1333 2634 1384 2673 12
1423 2626 1807 2686 ὁμολογουμένοις

120 2684 208 2727 Μα
239 2683 320 2727 sed
352 2702 413 2735 ως
451 2699 592 2741 supra
631 2702 701 2737 οις
731 2686 801 2730 m⁸
849 2689 855 2744 Ι
906 2695 1111 2742 συνερῶν
1151 2688 1256 2732 coni
1287 2689 1355 2732 Re
1387 2690 1436 2731 at
1468 2687 1524 2731 cf.
1558 2703 1603 2744 p.
1628 2691 1730 2741 469,
1752 2692 1804 2730 12

239 2747 293 2785 14
323 2744 538 2788 παιδεύει
572 2745 720 2789 ViMa
751 2747 831 2790 sed
863 2746 912 2790 in
944 2747 1032 2790 hoc
1064 2761 1090 2790 σ
1120 2747 1244 2791 inser
1273 2747 1356 2801 111³,
1385 2747 1436 2791 Ol
1463 2750 1469 2803 Ι
1496 2745 1716 2803 πλημελὲς
1739 2747 1806 2791 Va

119 2801 327 2846 MMaCl
449 2807 502 2846 17
534 2803 594 2860 μὴ
621 2801 671 2847 δὲ
695 2804 806 2848 libri
829 2805 941 2850 Ferr
967 2808 972 2864 Ι
1001 2802 1123 2850 εἶναι
1147 2807 1303 2864 χώραν
1326 2807 1382 2850 Vi
1409 2808 1415 2862 Ι
1444 2805 1490 2858 ἐξ
1507 2831 1562 2837 —
1582 2809 1637 2849 20
1663 2822 1804 2860 φρον-

117 2857 240 2911 τίδες
279 2861 396 2905 citat
433 2862 666 2906 Macarius
702 2863 782 2908 fol.
808 2869 884 2908 81Τ
1028 2869 1081 2908 18
1126 2865 1372 2923 γίγνεσθαι
1397 2866 1523 2910 BVa
1571 2866 1578 2920 Ι
1626 2869 1806 2919 τρυφῆς

116 2916 277 2963 τοίνυν
306 2921 477 2977 ταύτης
500 2923 546 2966 Β
581 2927 587 2977 Ι
621 2920 801 2981 τοίνυν]
835 2922 886 2967 δὲ
917 2923 1077 2968 Macar
1198 2930 1252 2968 19
1286 2922 1702 2980 ἀντεισφερομένης
1732 2923 1802 2981 δὲ]

118 2978 196 3022 καὶ
231 2978 649 3038 ἀντεισφερομένης
679 2981 838 3026 Macar
958 2988 1011 3026 21
1050 2981 1226 3040 γίνεται
1258 2981 1403 3040 μόνου
1429 2984 1481 3027 Η
