2010 3168
414 103 842 150 DEMOSTHENIS
872 104 1220 149 DEDITIONIS
1249 105 1487 150 PETITIO
1698 106 1807 160 329

113 242 216 311 τὴν
255 241 391 311 ἐμὴν
427 243 723 294 πολιτείαν.
763 241 824 294 τὸ
866 239 914 293 δ’
961 245 1159 309 αἴτιον,
1198 238 1377 294 ἔδωκα
1415 252 1531 305 τοῖς
1563 239 1807 311 Ἑλληνι-

113 339 232 394 κοῖς
278 329 539 400 ἐμαυτόν,
585 330 675 382 καὶ
723 331 781 382 αἱ
827 327 1025 383 πολλαὶ
1070 332 1357 399 πρεσβεῖαι
1403 334 1574 384 παντί
1614 351 1681 400 με
1733 338 1805 403 τῷ

112 417 262 488 γένει
292 427 403 472 τῶν
425 416 704 487 Ἑλλήνων
734 415 963 487 ἔδειξαν,
992 419 1083 471 καὶ
1115 419 1182 471 οὐ
1215 428 1331 482 τοῖς
1355 417 1583 487 ’Ἑλλησι
1613 422 1806 488 μόνον,

113 506 235 561 ἀλλ’
275 508 380 577 ἤδη
429 506 519 560 καὶ
564 511 792 570 πολλοῖς
836 517 948 561 τῶν
994 509 1305 577 βαρβάρων.
1350 509 1424 571 ὡς
1469 508 1697 577 βασιλέα
1745 506 1806 562 δὲ
1868 507 1873 511 ’

113 597 278 662 αὐτὸς
314 596 418 666 μὲν
448 597 550 665 οὐχ
580 593 735 666 ἧκον,
776 595 988 664 λέγεται
1019 597 1082 650 δὲ
1112 596 1357 666 ἀφῖχθαί
1389 617 1473 660 τις
1510 597 1650 667 ὑπὲρ
1693 607 1803 651 τῶν
1852 618 1874 652 5

112 684 260 755 ἐμῶν
297 690 686 756 ταλαιπωριῶν
724 682 900 754 λόγος.
941 685 1028 739 20.
1067 686 1274 754 ταύτην
1313 682 1417 740 οὖν
1456 687 1677 740 ἅπασαν
1706 688 1808 756 τὴν

111 782 217 844 γῆν
263 773 521 844 ἀνέξομαι
574 776 640 828 τὰ
687 776 850 844 χείρω
896 773 1021 843 περὶ
1067 767 1211 842 ἐμοῦ
1251 773 1498 839 δοξάζειν
1550 774 1641 829 καὶ
1696 786 1808 829 τῶν

111 862 231 931 ἐμοὶ
254 862 380 934 παρ’
411 864 548 933 ὑμῖν
572 864 948 933 φθονούντων
972 861 1157 927 ἐνίους
1180 866 1327 933 ἔχειν
1351 867 1549 929 εἰπεῖν;
1589 864 1808 918 ἀνεῖλε

109 953 362 1021 πολλὴν
408 951 514 1017 καὶ
561 953 849 1021 μεγάλην
888 952 1327 1022 Λημοσθένης
1372 953 1679 1007 εὔκλειαν
1728 953 1806 1022 ἣν

109 1040 178 1095 ἐν
239 1047 457 1112 μακρῷ
518 1041 635 1108 μὲν
695 1043 930 1112 χρόνῳ,
990 1042 1098 1094 διὰ
1149 1044 1412 1094 πολλῶν
1466 1038 1534 1094 δὲ
1587 1045 1805 1096 πόνων
1831 1064 1874 1096 ιο

109 1133 493 1199 συνήγαγεν.
530 1128 536 1201 Ι
572 1129 938 1199 ὁχορηγῶν
981 1129 1233 1193 ἐκεῖνος
1272 1130 1627 1199 ἐθελοντὴς
1671 1137 1894 1181 Rl'V274

107 1218 214 1272 καὶ
252 1221 546 1290 τριήρεις
584 1217 951 1288 ἐπιδιδούς,
989 1218 1019 1272 ὁ
1053 1220 1170 1288 τὴν
1201 1221 1498 1288 Εὔβοιαν
1536 1219 1804 1273 ἐλευθε-

109 1318 262 1377 ρῶν,
318 1309 347 1363 ὁ
401 1310 516 1362 τὸν
562 1306 1041 1377 Ἑλλήσποντον
1097 1309 1440 1378 ῥυόμενος,
1488 1309 1518 1364 6
1563 1312 1805 1380 Χερρό-

108 1411 310 1466 νησον
374 1399 615 1465 σώζων,
677 1396 756 1450 δι’
827 1396 902 1450 ὃν
970 1395 1204 1450 ἔπλεον
1264 1401 1683 1468 πανταχόθεν
1745 1400 1804 1453 οἱ

110 1487 648 1555 στεφανώσοντες
701 1487 815 1540 τὸν
870 1488 1101 1556 δῆμον,
1148 1486 1178 1540 ὁ
1232 1494 1386 1540 πᾶσι
1441 1496 1579 1550 τοῖς
1634 1487 1800 1541 ε’πεί-
1829 1509 1873 1542 15

109 1590 345 1645 γουσιν
390 1576 591 1629 αὑτὸν
637 1574 924 1644 ἀφειδῶς
971 1576 1267 1638 δεδωκὼς
1313 1583 1435 1630 νῦν
1483 1575 1543 1639 ἐξ
1592 1577 1800 1630 αὐτοῦ

108 1667 674 1734 φιλοτιμήσασθαι
727 1672 846 1718 τοῦ
905 1665 1197 1734 σώματος
1257 1667 1420 1734 ἔχων
1482 1666 1598 1718 οὐκ
1652 1665 1800 1730 ἠθέ-

109 1758 276 1823 λησε
1852 1809 1854 1811 ,

219 1843 305 1896 21.
359 1844 488 1896 Διὰ
539 1845 602 1896 τί
654 1843 799 1912 γάρ,
854 1844 1052 1912 φησίν,
1108 1842 1222 1905 οὓς
1275 1842 1625 1913 εὑρηκέναι
1681 1842 1801 1913 φῂς

107 1933 353 1995 λύσεως
407 1931 671 2002 ἑτέρους
724 1934 1007 2002 τρόπους
1061 1932 1136 1985 οὐ
1193 1932 1427 2001 λέγεις,
1489 1926 1531 1986 ὦ
1586 1935 1869 2002 Δημό-ἐο

105 2026 364 2091 σθενες;
416 2021 500 2074 ὅτι
541 2020 646 2074 εἰσὶ
685 2020 804 2089 με’ν,
844 2017 886 2073 ὦ
927 2021 1129 2091 ἄνδρες
1167 2025 1472 2090 Ἀθηναῖοι,
1511 2020 1601 2074 καὶ
1642 2021 1799 2074 καλοὶ

224 2141 250 2181 5
282 2137 410 2181 nem.
446 2136 565 2180 Phil.
589 2136 653 2181 111
683 2152 730 2194 p.
757 2141 954 2192 129‚10;
984 2136 1106 2181 Phil.
1140 2150 1211 2194 ep.
1236 2151 1281 2193 p.
1310 2141 1455 2193 160‚8
1593 2142 1648 2181 10
1678 2137 1796 2182 Plat.

103 2195 295 2241 Thcact.
327 2211 372 2252 p.
401 2200 485 2239 186
505 2195 538 2240 C
661 2201 714 2239 12
748 2195 806 2241 cf.
838 2211 884 2253 p.
911 2201 1011 2251 277,
1033 2201 1110 2251 143
1147 2201 1248 2251 314,
1267 2201 1314 2251 ὃς
1354 2198 1387 2240 f..
1412 2196 1475 2239 IV
1502 2201 1610 2252 259,
1629 2202 1655 2241 5
1674 2212 1739 2253 sq.
1759 2197 1799 2240 R

224 2260 280 2300 16
314 2254 528 2300 cf.1:.1v
560 2259 661 2310 286,
681 2255 793 2298 HR

222 2364 248 2402 2
281 2359 365 2416 μὲν
397 2361 507 2403 aute
537 2360 780 2417 πρεσβεῖαι
804 2361 850 2404 Ρ
874 2358 978 2403 Mor
1005 2362 1011 2416 Ι
1038 2358 1182 2403 παντί
1211 2375 1265 2416 με
1290 2360 1456 2417 scripsi
1481 2374 1505 2404 e
1539 2361 1598 2405 Vi
1655 2360 1798 2405 παντὶ

102 2417 186 2474 μὲν
211 2420 269 2463 H
275 2420 358 2464 VP
386 2419 469 2462 sed
500 2418 550 2462 in
581 2418 669 2462 hoc
699 2416 842 2463 παντί
875 2434 929 2474 με
961 2432 1177 2475 suprascr
1206 2419 1291 2474 m2,
1320 2420 1465 2465 Maol
1541 2418 1625 2475 μὲν
1655 2420 1796 2465 παντὶ

101 2478 169 2521 Re
202 2478 283 2521 sed
319 2479 500 2534 „malim
514 2479 614 2552 με“
678 2476 832 2522 πάντα
864 2478 947 2534 μὲν
978 2477 1080 2522 Mor
1223 2483 1250 2522 5
1282 2478 1491 2535 ἀφῖχθαι
1521 2477 1590 2530 τίς
1620 2479 1682 2524 Vi

105 2542 155 2580 11
193 2536 471 2594 συνήγειραν
505 2535 528 2581 6
563 2536 760 2593 χορηγὸς
789 2537 849 2581 Vi
880 2537 963 2581 sed
994 2536 1256 2604 συνήγαγεν
1289 2536 1312 2581 ὁ
1345 2545 1558 2596 χορηγῶν
1588 2538 1637 2581 in
1663 2552 1797 2594 marg

101 2595 172 2639 m²
198 2597 206 2652 1
232 2598 459 2653 punctum
489 2597 598 2652 post
622 2594 881 2663 συνήγαγεν
904 2596 1055 2652 posui,
1088 2610 1268 2640 comma,
1291 2596 1401 2639 libri
1425 2597 1516 2640 edd
1639 2601 1692 2640 13
1726 2572 1795 2641 {2¹3

101 2654 361 2708 λήσποντον
388 2657 476 2700 Ma
509 2654 591 2699 sed
621 2656 715 2711 λ(1)
747 2654 798 2698 in
827 2669 902 2698 ras
934 2655 1005 2698 m²
1031 2658 1037 2711 Ι
1076 2653 1359 2712 χερόννησον
1380 2657 1434 2700 Η
1443 2657 1487 2700 V
1539 2655 1794 2714 χερόνησον

111 2714 171 2758 Vi
290 2719 345 2758 14
376 2712 435 2782 ᾓν
463 2716 551 2759 Μα
577 2716 584 2771 Ι
622 2729 793 2764 παντες
817 2715 872 2759 Η
881 2715 922 2758 V
947 2716 996 2758 et
1024 2715 1073 2758 in
1105 2728 1240 2772 marg
1274 2714 1352 2760 Vi²
1473 2719 1527 2759 15
1560 2715 1795 2770 στεφανώ-

102 2786 260 2823 σοντες
299 2773 464 2830 scripsi
502 2777 556 2816 ut
599 2771 703 2816 coni
741 2773 809 2817 Ro
885 2775 1261 2830 στεφανώσαντες
1294 2773 1405 2817 libri
1441 2774 1522 2818 sed
1554 2775 1655 2829 α<2)
1687 2773 1735 2816 in
1768 2791 1792 2818 ο

100 2845 177 2875 ras
201 2846 305 2876 corr
327 2834 383 2887 P,
408 2832 500 2876 edd
541 2834 548 2888 Ι
591 2844 771 2875 comma
800 2834 910 2888 post
940 2834 1090 2890 δῆμον
1119 2832 1270 2888 posui,
1301 2835 1527 2889 puncbum
1558 2831 1669 2876 libri
1701 2833 1791 2876 edd

223 2895 276 2935 16
311 2891 454 2936 αὐτὸν
471 2892 529 2935 H
535 2890 789 2935 VVzMaC'z
909 2895 961 2935 17
989 2890 1376 2947 φιλοτιμήσεσθαι
1403 2892 1460 2936 Vi
1581 2895 1634 2934 19
1668 2890 1793 2935 διατί

103 2949 157 2992 H
164 2950 221 2994 Vi
246 2953 253 3006 Ι
282 2955 375 3005 φῆς
406 2951 465 2994 Vi
524 2949 617 3005 φὴς
640 2950 692 2993 H
701 2950 931 2994 VPMaOl
960 2950 1046 2993 edd
