<?xml version="1.0" encoding="UTF-8"?>
<!DOCTYPE html PUBLIC "-//W3C//DTD XHTML 1.0 Transitional//EN"
    "http://www.w3.org/TR/xhtml1/DTD/xhtml1-transitional.dtd">
<html xmlns="http://www.w3.org/1999/xhtml" xml:lang="en" lang="en">
 <head>
  <title>
</title>
<meta http-equiv="Content-Type" content="text/html;charset=utf-8" />
  <meta name='ocr-system' content='tesseract 3.04.00' />
  <meta name='ocr-capabilities' content='ocr_page ocr_carea ocr_par ocr_line ocrx_word'/>
</head>
<body>
  <div class='ocr_page' id='page_1' title='image "./operarecensuitri06libauoft_0334.png"; bbox 0 0 2010 3168; ppageno 0'>
   <div class='ocr_carea' id='block_1_1' title="bbox 199 119 1529 171">
    <p class='ocr_par' dir='ltr' id='par_1_1' title="bbox 199 119 1529 171">
     <span class='ocr_line' id='line_1_1' title="bbox 199 119 1529 171; baseline 0 -6"><span class='ocrx_word' id='word_1_1' title='bbox 199 119 306 171; x_wconf 79' lang='grc'><strong><em>326</em></strong></span> <span class='ocrx_word' id='word_1_2' title='bbox 665 120 894 164; x_wconf 87' lang='lat' dir='ltr'>LIBANH</span> <span class='ocrx_word' id='word_1_3' title='bbox 924 120 1312 165; x_wconf 84' lang='lat' dir='ltr'>DECLAMATIO</span> <span class='ocrx_word' id='word_1_4' title='bbox 1344 121 1451 166; x_wconf 89' lang='lat' dir='ltr'><strong><em>XXI</em></strong></span> <span class='ocrx_word' id='word_1_5' title='bbox 1527 169 1529 171; x_wconf 56' lang='grc'><strong><em>,</em></strong></span> 
     </span>
    </p>
   </div>
   <div class='ocr_carea' id='block_1_2' title="bbox 106 255 1900 2014">
    <p class='ocr_par' dir='ltr' id='par_1_2' title="bbox 106 255 1900 2014">
     <span class='ocr_line' id='line_1_2' title="bbox 200 255 1900 325; baseline 0.004 -18"><span class='ocrx_word' id='word_1_6' title='bbox 200 255 459 308; x_wconf 85' lang='grc' dir='ltr'><strong><em>δίκαιον</em></strong></span> <span class='ocrx_word' id='word_1_7' title='bbox 520 256 687 324; x_wconf 82' lang='grc' dir='ltr'><strong><em>πλὴν</em></strong></span> <span class='ocrx_word' id='word_1_8' title='bbox 741 263 851 324; x_wconf 80' lang='grc' dir='ltr'><strong><em>τῆς</em></strong></span> <span class='ocrx_word' id='word_1_9' title='bbox 906 257 1186 319; x_wconf 74' lang='grc' dir='ltr'><strong><em>ἱκετείας</em></strong></span> <span class='ocrx_word' id='word_1_10' title='bbox 1238 256 1454 325; x_wconf 84' lang='grc' dir='ltr'><strong><em>μηδέν.</em></strong></span> <span class='ocrx_word' id='word_1_11' title='bbox 1511 257 1617 311; x_wconf 82' lang='grc' dir='ltr'><strong><em>καὶ</em></strong></span> <span class='ocrx_word' id='word_1_12' title='bbox 1670 261 1735 312; x_wconf 91' lang='grc' dir='ltr'><strong><em>τί</em></strong></span> <span class='ocrx_word' id='word_1_13' title='bbox 1794 260 1900 313; x_wconf 83' lang='grc' dir='ltr'><strong><em>δεῖ</em></strong></span> 
     </span>
     <span class='ocr_line' id='line_1_3' title="bbox 197 341 1895 415; baseline 0.004 -20"><span class='ocrx_word' id='word_1_14' title='bbox 197 347 351 406; x_wconf 84' lang='grc' dir='ltr'><strong><em>τοὺς</em></strong></span> <span class='ocrx_word' id='word_1_15' title='bbox 382 341 810 412; x_wconf 78' lang='grc' dir='ltr'><strong><em>Ἡρακλείδας</em></strong></span> <span class='ocrx_word' id='word_1_16' title='bbox 849 345 882 414; x_wconf 79' lang='grc' dir='ltr'>ἢ</span> <span class='ocrx_word' id='word_1_17' title='bbox 921 346 1036 398; x_wconf 91' lang='grc' dir='ltr'><strong><em>τὸν</em></strong></span> <span class='ocrx_word' id='word_1_18' title='bbox 1061 343 1415 415; x_wconf 78' lang='grc' dir='ltr'><strong><em>Ἄδραστον</em></strong></span> <span class='ocrx_word' id='word_1_19' title='bbox 1463 345 1704 414; x_wconf 82' lang='grc' dir='ltr'><strong><em>λέγειν;</em></strong></span> <span class='ocrx_word' id='word_1_20' title='bbox 1751 346 1895 401; x_wconf 85' lang='grc' dir='ltr'><strong><em>ἀλλ’</em></strong></span> 
     </span>
     <span class='ocr_line' id='line_1_4' title="bbox 199 430 1894 505; baseline 0.002 -21"><span class='ocrx_word' id='word_1_21' title='bbox 199 430 448 485; x_wconf 80' lang='grc' dir='ltr'><strong><em>ἐκεῖνοί</em></strong></span> <span class='ocrx_word' id='word_1_22' title='bbox 505 451 575 501; x_wconf 76' lang='grc' dir='ltr'><strong><em>γε</em></strong></span> <span class='ocrx_word' id='word_1_23' title='bbox 635 433 740 486; x_wconf 84' lang='grc' dir='ltr'><strong><em>καὶ</em></strong></span> <span class='ocrx_word' id='word_1_24' title='bbox 802 435 1163 504; x_wconf 79' lang='grc' dir='ltr'><strong><em>βαρβάροις</em></strong></span> <span class='ocrx_word' id='word_1_25' title='bbox 1232 436 1642 503; x_wconf 81' lang='grc' dir='ltr'><strong><em>βοηθοῦντες</em></strong></span> <span class='ocrx_word' id='word_1_26' title='bbox 1703 433 1894 505; x_wconf 78' lang='grc' dir='ltr'><strong><em>ἐπλή-</em></strong></span> 
     </span>
     <span class='ocr_line' id='line_1_5' title="bbox 199 521 1895 594; baseline 0.002 -21"><span class='ocrx_word' id='word_1_27' title='bbox 199 534 413 589; x_wconf 87' lang='grc' dir='ltr'><strong><em>ρωσαν</em></strong></span> <span class='ocrx_word' id='word_1_28' title='bbox 473 529 660 590; x_wconf 86' lang='grc' dir='ltr'><strong><em>ναῦς,</em></strong></span> <span class='ocrx_word' id='word_1_29' title='bbox 723 522 890 585; x_wconf 80' lang='grc' dir='ltr'><strong><em>ὅπως</em></strong></span> <span class='ocrx_word' id='word_1_30' title='bbox 950 524 1028 592; x_wconf 88' lang='grc' dir='ltr'><strong><em>μὴ</em></strong></span> <span class='ocrx_word' id='word_1_31' title='bbox 1086 521 1190 594; x_wconf 79' lang='grc' dir='ltr'><strong><em>ἐξῇ</em></strong></span> <span class='ocrx_word' id='word_1_32' title='bbox 1245 531 1383 586; x_wconf 89' lang='grc' dir='ltr'><strong><em>τοῖς</em></strong></span> <span class='ocrx_word' id='word_1_33' title='bbox 1438 523 1895 594; x_wconf 82' lang='grc' dir='ltr'><strong><em>ἰσχυροτέροις</em></strong></span> 
     </span>
     <span class='ocr_line' id='line_1_6' title="bbox 155 608 1892 681; baseline 0.002 -19"><span class='ocrx_word' id='word_1_34' title='bbox 155 608 480 678; x_wconf 71' lang='grc' dir='ltr'><strong><em>εᾶδικεῖν,</em></strong></span> <span class='ocrx_word' id='word_1_35' title='bbox 530 608 651 678; x_wconf 79' lang='grc' dir='ltr'><strong><em>ἐγὼ</em></strong></span> <span class='ocrx_word' id='word_1_36' title='bbox 699 608 767 663; x_wconf 76' lang='grc' dir='ltr'><strong><em>δὲ</em></strong></span> <span class='ocrx_word' id='word_1_37' title='bbox 814 613 873 664; x_wconf 83' lang='grc' dir='ltr'><strong><em>εἰ</em></strong></span> <span class='ocrx_word' id='word_1_38' title='bbox 917 608 1120 680; x_wconf 76' lang='grc' dir='ltr'><strong><em>μηδὲν</em></strong></span> <span class='ocrx_word' id='word_1_39' title='bbox 1163 612 1344 680; x_wconf 76' lang='grc' dir='ltr'><strong><em>ἄλλο,</em></strong></span> <span class='ocrx_word' id='word_1_40' title='bbox 1385 615 1722 681; x_wconf 78' lang='grc' dir='ltr'><strong><em>Ἀθηναῖός</em></strong></span> <span class='ocrx_word' id='word_1_41' title='bbox 1761 614 1892 680; x_wconf 86' lang='grc' dir='ltr'><strong><em>εἰμι</em></strong></span> 
     </span>
     <span class='ocr_line' id='line_1_7' title="bbox 196 695 1893 771; baseline 0.003 -22"><span class='ocrx_word' id='word_1_42' title='bbox 196 695 302 750; x_wconf 85' lang='grc' dir='ltr'><strong><em>καὶ</em></strong></span> <span class='ocrx_word' id='word_1_43' title='bbox 342 701 658 767; x_wconf 75' lang='grc' dir='ltr'><strong><em>γεννήτας</em></strong></span> <span class='ocrx_word' id='word_1_44' title='bbox 689 699 846 768; x_wconf 84' lang='grc' dir='ltr'><strong><em>ὑμῖν</em></strong></span> <span class='ocrx_word' id='word_1_45' title='bbox 885 702 1342 770; x_wconf 81' lang='grc' dir='ltr'><strong><em>παρασχοίμην</em></strong></span> <span class='ocrx_word' id='word_1_46' title='bbox 1382 700 1459 754; x_wconf 75' lang='grc' dir='ltr'><strong><em>ἂν</em></strong></span> <span class='ocrx_word' id='word_1_47' title='bbox 1504 700 1608 754; x_wconf 89' lang='grc' dir='ltr'><strong><em>καὶ</em></strong></span> <span class='ocrx_word' id='word_1_48' title='bbox 1649 702 1893 771; x_wconf 76' lang='grc' dir='ltr'><strong><em>φράτο-</em></strong></span> 
     </span>
     <span class='ocr_line' id='line_1_8' title="bbox 197 785 1893 859; baseline 0.003 -20"><span class='ocrx_word' id='word_1_49' title='bbox 197 807 310 856; x_wconf 86' lang='grc' dir='ltr'><strong><em>ρας</em></strong></span> <span class='ocrx_word' id='word_1_50' title='bbox 349 785 454 840; x_wconf 86' lang='grc' dir='ltr'><strong><em>καὶ</em></strong></span> <span class='ocrx_word' id='word_1_51' title='bbox 500 787 741 857; x_wconf 83' lang='grc' dir='ltr'><strong><em>μετέχω</em></strong></span> <span class='ocrx_word' id='word_1_52' title='bbox 789 797 904 841; x_wconf 88' lang='grc' dir='ltr'><strong><em>τοῦ</em></strong></span> <span class='ocrx_word' id='word_1_53' title='bbox 953 788 1376 859; x_wconf 83' lang='grc' dir='ltr'><strong><em>ληξιαρχικοῦ</em></strong></span> <span class='ocrx_word' id='word_1_54' title='bbox 1425 792 1893 859; x_wconf 76' lang='grc' dir='ltr'><strong><em>γραμματείου,</em></strong></span> 
     </span>
     <span class='ocr_line' id='line_1_9' title="bbox 195 874 1893 949; baseline 0.003 -22"><span class='ocrx_word' id='word_1_55' title='bbox 195 874 302 928; x_wconf 83' lang='grc' dir='ltr'><strong><em>καὶ</em></strong></span> <span class='ocrx_word' id='word_1_56' title='bbox 355 884 555 929; x_wconf 87' lang='grc' dir='ltr'><strong><em>ταῦτα</em></strong></span> <span class='ocrx_word' id='word_1_57' title='bbox 607 877 845 940; x_wconf 81' lang='grc' dir='ltr'><strong><em>πάντες</em></strong></span> <span class='ocrx_word' id='word_1_58' title='bbox 900 879 976 930; x_wconf 77' lang='grc' dir='ltr'><strong><em>ἄν</em></strong></span> <span class='ocrx_word' id='word_1_59' title='bbox 1029 899 1137 946; x_wconf 93' lang='grc' dir='ltr'><strong><em>μοι</em></strong></span> <span class='ocrx_word' id='word_1_60' title='bbox 1189 880 1677 949; x_wconf 83' lang='grc' dir='ltr'><strong><em>μαρτυρήσαιεν</em></strong></span> <span class='ocrx_word' id='word_1_61' title='bbox 1715 878 1893 948; x_wconf 86' lang='grc' dir='ltr'><strong><em>&lt;καὶ&gt;</em></strong></span> 
     </span>
     <span class='ocr_line' id='line_1_10' title="bbox 195 964 1892 1037; baseline 0.003 -21"><span class='ocrx_word' id='word_1_62' title='bbox 195 965 505 1018; x_wconf 78' lang='grc' dir='ltr'><strong><em>παιδείαν</em></strong></span> <span class='ocrx_word' id='word_1_63' title='bbox 542 964 648 1029; x_wconf 82' lang='grc' dir='ltr'><strong><em>καὶ</em></strong></span> <span class='ocrx_word' id='word_1_64' title='bbox 688 969 887 1019; x_wconf 91' lang='grc' dir='ltr'><strong><em>πλείω</em></strong></span> <span class='ocrx_word' id='word_1_65' title='bbox 929 967 1180 1020; x_wconf 89' lang='grc' dir='ltr'><strong><em>τούτων</em></strong></span> <span class='ocrx_word' id='word_1_66' title='bbox 1221 972 1372 1030; x_wconf 75' lang='grc' dir='ltr'><strong><em>ἴσως</em></strong></span> <span class='ocrx_word' id='word_1_67' title='bbox 1411 967 1697 1037; x_wconf 80' lang='grc' dir='ltr'><strong><em>φέροντά</em></strong></span> <span class='ocrx_word' id='word_1_68' title='bbox 1742 988 1892 1021; x_wconf 87' lang='grc' dir='ltr'><strong><em>τινα</em></strong></span> 
     </span>
     <span class='ocr_line' id='line_1_11' title="bbox 130 1046 1892 1126; baseline 0.003 -21"><span class='ocrx_word' id='word_1_69' title='bbox 130 1073 173 1106; x_wconf 91' lang='lat'><strong><em>10</em></strong></span> <span class='ocrx_word' id='word_1_70' title='bbox 198 1055 599 1123; x_wconf 81' lang='grc' dir='ltr'><strong><em>φιλοτιμίαν.</em></strong></span> <span class='ocrx_word' id='word_1_71' title='bbox 648 1053 779 1107; x_wconf 79' lang='grc' dir='ltr'><strong><em>ἀλλ’</em></strong></span> <span class='ocrx_word' id='word_1_72' title='bbox 826 1053 1048 1124; x_wconf 77' lang='grc' dir='ltr'><strong><em>ἔμοιγε</em></strong></span> <span class='ocrx_word' id='word_1_73' title='bbox 1095 1046 1283 1126; x_wconf 80' lang='grc' dir='ltr'><strong><em>ἀρκεῖ</em></strong></span> <span class='ocrx_word' id='word_1_74' title='bbox 1317 1057 1385 1109; x_wconf 89' lang='grc' dir='ltr'><strong><em>τὸ</em></strong></span> <span class='ocrx_word' id='word_1_75' title='bbox 1433 1055 1624 1124; x_wconf 81' lang='grc' dir='ltr'><strong><em>γένος</em></strong></span> <span class='ocrx_word' id='word_1_76' title='bbox 1663 1058 1892 1110; x_wconf 83' lang='grc' dir='ltr'><strong><em>εἰπεῖν.</em></strong></span> 
     </span>
     <span class='ocr_line' id='line_1_12' title="bbox 199 1136 1891 1215; baseline 0.003 -22"><span class='ocrx_word' id='word_1_77' title='bbox 199 1136 282 1194; x_wconf 90' lang='grc'><strong><em>14.</em></strong></span> <span class='ocrx_word' id='word_1_78' title='bbox 306 1151 535 1196; x_wconf 88' lang='grc' dir='ltr'><strong><em>τοιαῦτα</em></strong></span> <span class='ocrx_word' id='word_1_79' title='bbox 566 1142 636 1196; x_wconf 73' lang='grc' dir='ltr'><strong><em>ἂν</em></strong></span> <span class='ocrx_word' id='word_1_80' title='bbox 668 1142 729 1196; x_wconf 80' lang='grc' dir='ltr'><strong><em>ἐν</em></strong></span> <span class='ocrx_word' id='word_1_81' title='bbox 761 1144 910 1213; x_wconf 84' lang='grc' dir='ltr'><strong><em>ὑμῖν,</em></strong></span> <span class='ocrx_word' id='word_1_82' title='bbox 944 1141 985 1198; x_wconf 82' lang='grc' dir='ltr'><em>ὦ</em></span> <span class='ocrx_word' id='word_1_83' title='bbox 1019 1145 1217 1214; x_wconf 79' lang='grc' dir='ltr'><strong><em>ἄνδρες</em></strong></span> <span class='ocrx_word' id='word_1_84' title='bbox 1248 1149 1545 1214; x_wconf 84' lang='grc' dir='ltr'><strong><em>Ἀθηναῖοι,</em></strong></span> <span class='ocrx_word' id='word_1_85' title='bbox 1579 1144 1891 1215; x_wconf 78' lang='grc' dir='ltr'><strong><em>διελέχθην,</em></strong></span> 
     </span>
     <span class='ocr_line' id='line_1_13' title="bbox 198 1229 1892 1302; baseline 0.003 -21"><span class='ocrx_word' id='word_1_86' title='bbox 198 1229 249 1281; x_wconf 85' lang='grc' dir='ltr'><strong><em>εἴ</em></strong></span> <span class='ocrx_word' id='word_1_87' title='bbox 283 1249 336 1283; x_wconf 89' lang='grc' dir='ltr'><strong><em>τι</em></strong></span> <span class='ocrx_word' id='word_1_88' title='bbox 374 1233 638 1285; x_wconf 90' lang='grc' dir='ltr'><strong><em>ταπεινὸν</em></strong></span> <span class='ocrx_word' id='word_1_89' title='bbox 679 1230 866 1302; x_wconf 82' lang='grc' dir='ltr'><strong><em>ἑώρων</em></strong></span> <span class='ocrx_word' id='word_1_90' title='bbox 903 1241 1203 1296; x_wconf 88' lang='grc' dir='ltr'><strong><em>ποιοῦντας</em></strong></span> <span class='ocrx_word' id='word_1_91' title='bbox 1247 1232 1338 1286; x_wconf 81' lang='grc' dir='ltr'><strong><em>καὶ</em></strong></span> <span class='ocrx_word' id='word_1_92' title='bbox 1385 1233 1611 1298; x_wconf 80' lang='grc' dir='ltr'><strong><em>ἀνάξιον</em></strong></span> <span class='ocrx_word' id='word_1_93' title='bbox 1657 1241 1756 1287; x_wconf 89' lang='grc' dir='ltr'><strong><em>τοῦ</em></strong></span> <span class='ocrx_word' id='word_1_94' title='bbox 1797 1242 1892 1302; x_wconf 81' lang='grc' dir='ltr'><strong><em>τῆς</em></strong></span> 
     </span>
     <span class='ocr_line' id='line_1_14' title="bbox 195 1320 1891 1392; baseline 0.002 -21"><span class='ocrx_word' id='word_1_95' title='bbox 195 1321 401 1382; x_wconf 89' lang='grc' dir='ltr'><strong><em>πόλεως</em></strong></span> <span class='ocrx_word' id='word_1_96' title='bbox 449 1320 731 1389; x_wconf 90' lang='grc' dir='ltr'><strong><em>ὀνόματος.</em></strong></span> <span class='ocrx_word' id='word_1_97' title='bbox 788 1320 848 1384; x_wconf 90' lang='grc' dir='ltr'><strong><em>ὃς</em></strong></span> <span class='ocrx_word' id='word_1_98' title='bbox 903 1323 1007 1391; x_wconf 76' lang='grc' dir='ltr'><strong><em>γὰρ</em></strong></span> <span class='ocrx_word' id='word_1_99' title='bbox 1064 1322 1196 1375; x_wconf 81' lang='grc' dir='ltr'><strong><em>οὐδὲ</em></strong></span> <span class='ocrx_word' id='word_1_100' title='bbox 1243 1331 1355 1375; x_wconf 84' lang='grc' dir='ltr'><strong><em>τῶν</em></strong></span> <span class='ocrx_word' id='word_1_101' title='bbox 1398 1323 1582 1376; x_wconf 76' lang='grc' dir='ltr'><strong><em>ἄλλων</em></strong></span> <span class='ocrx_word' id='word_1_102' title='bbox 1613 1320 1891 1392; x_wconf 85' lang='grc' dir='ltr'><strong><em>Ἑλλήνων</em></strong></span> 
     </span>
     <span class='ocr_line' id='line_1_15' title="bbox 106 1407 1888 1483; baseline 0.002 -23"><span class='ocrx_word' id='word_1_103' title='bbox 106 1411 228 1456; x_wconf 87' lang='lat' dir='ltr'><strong><em>RIV</em></strong></span> <span class='ocrx_word' id='word_1_104' title='bbox 245 1417 328 1456; x_wconf 83' lang='lat'><strong><em>272</em></strong></span> <span class='ocrx_word' id='word_1_105' title='bbox 380 1407 386 1478; x_wconf 91' lang='grc' dir='ltr'>Ι</span> <span class='ocrx_word' id='word_1_106' title='bbox 429 1408 633 1462; x_wconf 82' lang='grc' dir='ltr'><strong><em>οὐδένα</em></strong></span> <span class='ocrx_word' id='word_1_107' title='bbox 674 1415 803 1462; x_wconf 74' lang='grc' dir='ltr'><strong><em>εἴων</em></strong></span> <span class='ocrx_word' id='word_1_108' title='bbox 842 1416 919 1482; x_wconf 79' lang='grc' dir='ltr'><strong><em>τῷ</em></strong></span> <span class='ocrx_word' id='word_1_109' title='bbox 964 1413 1218 1483; x_wconf 75' lang='grc' dir='ltr'><strong><em>Φιλίππῳ</em></strong></span> <span class='ocrx_word' id='word_1_110' title='bbox 1258 1414 1582 1481; x_wconf 80' lang='grc' dir='ltr'><strong><em>προΐεσθαι,</em></strong></span> <span class='ocrx_word' id='word_1_111' title='bbox 1621 1411 1759 1464; x_wconf 80' lang='grc' dir='ltr'><strong><em>ἀλλὰ</em></strong></span> <span class='ocrx_word' id='word_1_112' title='bbox 1799 1411 1888 1464; x_wconf 85' lang='grc' dir='ltr'><strong><em>καὶ</em></strong></span> 
     </span>
     <span class='ocr_line' id='line_1_16' title="bbox 130 1498 1891 1570; baseline 0.002 -21"><span class='ocrx_word' id='word_1_113' title='bbox 130 1517 171 1549; x_wconf 84' lang='lat'><strong><em>1⁵</em></strong></span> <span class='ocrx_word' id='word_1_114' title='bbox 197 1499 443 1566; x_wconf 84' lang='grc' dir='ltr'><strong><em>χρήματα</em></strong></span> <span class='ocrx_word' id='word_1_115' title='bbox 481 1499 571 1551; x_wconf 87' lang='grc' dir='ltr'><strong><em>καὶ</em></strong></span> <span class='ocrx_word' id='word_1_116' title='bbox 612 1499 834 1568; x_wconf 84' lang='grc' dir='ltr'><strong><em>σώματα</em></strong></span> <span class='ocrx_word' id='word_1_117' title='bbox 874 1499 1191 1553; x_wconf 78' lang='grc' dir='ltr'><strong><em>ἀναλίσκειν</em></strong></span> <span class='ocrx_word' id='word_1_118' title='bbox 1236 1498 1526 1570; x_wconf 81' lang='grc' dir='ltr'><strong><em>παρῄνουν</em></strong></span> <span class='ocrx_word' id='word_1_119' title='bbox 1573 1500 1645 1563; x_wconf 83' lang='grc' dir='ltr'><strong><em>ὡς</em></strong></span> <span class='ocrx_word' id='word_1_120' title='bbox 1690 1501 1891 1567; x_wconf 88' lang='grc' dir='ltr'><strong><em>ταύτης</em></strong></span> 
     </span>
     <span class='ocr_line' id='line_1_17' title="bbox 194 1585 1889 1659; baseline 0.002 -21"><span class='ocrx_word' id='word_1_121' title='bbox 194 1585 330 1652; x_wconf 86' lang='grc' dir='ltr'><strong><em>ὑμῖν</em></strong></span> <span class='ocrx_word' id='word_1_122' title='bbox 382 1586 490 1640; x_wconf 85' lang='grc' dir='ltr'><strong><em>ὑπὸ</em></strong></span> <span class='ocrx_word' id='word_1_123' title='bbox 546 1595 659 1640; x_wconf 84' lang='grc' dir='ltr'><strong><em>τῶν</em></strong></span> <span class='ocrx_word' id='word_1_124' title='bbox 710 1587 962 1658; x_wconf 83' lang='grc' dir='ltr'><strong><em>πατέρων</em></strong></span> <span class='ocrx_word' id='word_1_125' title='bbox 1022 1588 1469 1659; x_wconf 80' lang='grc' dir='ltr'><strong><em>παραδεδομένης</em></strong></span> <span class='ocrx_word' id='word_1_126' title='bbox 1530 1596 1623 1657; x_wconf 82' lang='grc' dir='ltr'><strong><em>τῆς</em></strong></span> <span class='ocrx_word' id='word_1_127' title='bbox 1677 1587 1889 1656; x_wconf 76' lang='grc' dir='ltr'><strong><em>τάξεως,</em></strong></span> 
     </span>
     <span class='ocr_line' id='line_1_18' title="bbox 195 1674 1892 1747; baseline 0.001 -20"><span class='ocrx_word' id='word_1_128' title='bbox 195 1680 363 1745; x_wconf 76' lang='grc' dir='ltr'><strong><em>σχολῇ</em></strong></span> <span class='ocrx_word' id='word_1_129' title='bbox 405 1674 453 1743; x_wconf 79' lang='grc' dir='ltr'><strong><em>γ’</em></strong></span> <span class='ocrx_word' id='word_1_130' title='bbox 502 1677 571 1728; x_wconf 78' lang='grc' dir='ltr'><strong><em>ἄν</em></strong></span> <span class='ocrx_word' id='word_1_131' title='bbox 617 1696 741 1729; x_wconf 88' lang='grc' dir='ltr'><strong><em>τινα</em></strong></span> <span class='ocrx_word' id='word_1_132' title='bbox 787 1678 1070 1747; x_wconf 81' lang='grc' dir='ltr'><strong><em>περιεῖδον</em></strong></span> <span class='ocrx_word' id='word_1_133' title='bbox 1117 1676 1223 1730; x_wconf 78' lang='grc' dir='ltr'><strong><em>ἀπὸ</em></strong></span> <span class='ocrx_word' id='word_1_134' title='bbox 1276 1685 1371 1746; x_wconf 83' lang='grc' dir='ltr'><strong><em>τῆς</em></strong></span> <span class='ocrx_word' id='word_1_135' title='bbox 1411 1677 1694 1745; x_wconf 84' lang='grc' dir='ltr'><strong><em>ἐκκλησίας</em></strong></span> <span class='ocrx_word' id='word_1_136' title='bbox 1734 1676 1892 1746; x_wconf 85' lang='grc' dir='ltr'><strong><em>ὑμῶν</em></strong></span> 
     </span>
     <span class='ocr_line' id='line_1_19' title="bbox 197 1764 1892 1837; baseline 0.002 -22"><span class='ocrx_word' id='word_1_137' title='bbox 197 1764 471 1817; x_wconf 92' lang='grc' dir='ltr'><strong><em>διδόντων</em></strong></span> <span class='ocrx_word' id='word_1_138' title='bbox 511 1766 589 1828; x_wconf 85' lang='grc' dir='ltr'><strong><em>εἰς</em></strong></span> <span class='ocrx_word' id='word_1_139' title='bbox 627 1767 758 1828; x_wconf 86' lang='grc' dir='ltr'><strong><em>τοὺς</em></strong></span> <span class='ocrx_word' id='word_1_140' title='bbox 796 1766 1116 1837; x_wconf 79' lang='grc' dir='ltr'><strong><em>βαρβάρους</em></strong></span> <span class='ocrx_word' id='word_1_141' title='bbox 1154 1766 1442 1835; x_wconf 81' lang='grc' dir='ltr'><strong><em>ἀγόμενον.</em></strong></span> <span class='ocrx_word' id='word_1_142' title='bbox 1486 1765 1568 1819; x_wconf 82' lang='lat'><strong><em>15.</em></strong></span> <span class='ocrx_word' id='word_1_143' title='bbox 1609 1764 1744 1818; x_wconf 78' lang='grc' dir='ltr'><strong><em>ἀλλὰ</em></strong></span> <span class='ocrx_word' id='word_1_144' title='bbox 1783 1774 1892 1818; x_wconf 88' lang='grc' dir='ltr'><strong><em>νῦν</em></strong></span> 
     </span>
     <span class='ocr_line' id='line_1_20' title="bbox 195 1853 1891 1924; baseline 0.001 -20"><span class='ocrx_word' id='word_1_145' title='bbox 195 1854 438 1923; x_wconf 82' lang='grc' dir='ltr'><strong><em>καθαροὶ</em></strong></span> <span class='ocrx_word' id='word_1_146' title='bbox 477 1853 580 1923; x_wconf 83' lang='grc' dir='ltr'><strong><em>μὲν</em></strong></span> <span class='ocrx_word' id='word_1_147' title='bbox 618 1854 775 1923; x_wconf 83' lang='grc' dir='ltr'><strong><em>ὑμεῖς</em></strong></span> <span class='ocrx_word' id='word_1_148' title='bbox 814 1857 991 1918; x_wconf 86' lang='grc' dir='ltr'><strong><em>αἰτίας</em></strong></span> <span class='ocrx_word' id='word_1_149' title='bbox 1031 1853 1122 1908; x_wconf 88' lang='grc' dir='ltr'><strong><em>καὶ</em></strong></span> <span class='ocrx_word' id='word_1_150' title='bbox 1170 1857 1438 1924; x_wconf 79' lang='grc' dir='ltr'><strong><em>ἄμεμπτοι</em></strong></span> <span class='ocrx_word' id='word_1_151' title='bbox 1483 1861 1753 1923; x_wconf 81' lang='grc' dir='ltr'><strong><em>πανταχῆ,</em></strong></span> <span class='ocrx_word' id='word_1_152' title='bbox 1799 1853 1891 1907; x_wconf 86' lang='grc' dir='ltr'><strong><em>καὶ</em></strong></span> 
     </span>
     <span class='ocr_line' id='line_1_21' title="bbox 131 1941 1891 2014; baseline 0.001 -20"><span class='ocrx_word' id='word_1_153' title='bbox 131 1962 173 1995; x_wconf 79' lang='lat'><strong><em>20</em></strong></span> <span class='ocrx_word' id='word_1_154' title='bbox 198 1941 366 1995; x_wconf 80' lang='grc' dir='ltr'><strong><em>οὐδὲν</em></strong></span> <span class='ocrx_word' id='word_1_155' title='bbox 405 1942 658 2011; x_wconf 83' lang='grc' dir='ltr'><strong><em>ἀσεβείας</em></strong></span> <span class='ocrx_word' id='word_1_156' title='bbox 695 1941 937 2013; x_wconf 77' lang='grc' dir='ltr'><strong><em>ἔγκλημα</em></strong></span> <span class='ocrx_word' id='word_1_157' title='bbox 984 1942 1107 2014; x_wconf 84' lang='grc' dir='ltr'><strong><em>παρ’</em></strong></span> <span class='ocrx_word' id='word_1_158' title='bbox 1157 1944 1388 2007; x_wconf 85' lang='grc' dir='ltr'><strong><em>οὐδενὸς</em></strong></span> <span class='ocrx_word' id='word_1_159' title='bbox 1435 1943 1519 1996; x_wconf 83' lang='grc' dir='ltr'><strong><em>ἐπὶ</em></strong></span> <span class='ocrx_word' id='word_1_160' title='bbox 1566 1944 1664 1996; x_wconf 92' lang='grc' dir='ltr'><strong><em>τὸν</em></strong></span> <span class='ocrx_word' id='word_1_161' title='bbox 1715 1944 1891 2011; x_wconf 83' lang='grc' dir='ltr'><strong><em>δῆμον</em></strong></span> 
     </span>
    </p>
   </div>
   <div class='ocr_carea' id='block_1_3' title="bbox 205 2038 561 2047">
    <p class='ocr_par' dir='ltr' id='par_1_3' title="bbox 205 2038 561 2047">
     <span class='ocr_line' id='line_1_22' title="bbox 205 2038 561 2047; baseline 0 1121"><span class='ocrx_word' id='word_1_162' title='bbox 205 2038 561 2047; x_wconf 95' lang='lat' dir='ltr'><strong><em> </em></strong></span> 
     </span>
    </p>
   </div>
   <div class='ocr_carea' id='block_1_4' title="bbox 196 2062 1886 2249">
    <p class='ocr_par' dir='ltr' id='par_1_4' title="bbox 196 2062 1886 2249">
     <span class='ocr_line' id='line_1_23' title="bbox 316 2062 1886 2145; baseline 0.001 -15"><span class='ocrx_word' id='word_1_163' title='bbox 316 2092 341 2130; x_wconf 82' lang='grc'><strong>2</strong></span> <span class='ocrx_word' id='word_1_164' title='bbox 381 2102 446 2143; x_wconf 82' lang='lat' dir='ltr'><strong><em>sq.</em></strong></span> <span class='ocrx_word' id='word_1_165' title='bbox 482 2087 539 2131; x_wconf 84' lang='lat' dir='ltr'><strong><em>cf.</em></strong></span> <span class='ocrx_word' id='word_1_166' title='bbox 575 2088 635 2131; x_wconf 89' lang='lat' dir='ltr'><strong><em>ad</em></strong></span> <span class='ocrx_word' id='word_1_167' title='bbox 666 2103 713 2145; x_wconf 86' lang='lat' dir='ltr'><strong><em>p.</em></strong></span> <span class='ocrx_word' id='word_1_168' title='bbox 739 2093 839 2144; x_wconf 81' lang='lat'>252,</span> <span class='ocrx_word' id='word_1_169' title='bbox 861 2094 916 2133; x_wconf 83' lang='lat'><strong><em>14</em></strong></span> <span class='ocrx_word' id='word_1_170' title='bbox 933 2103 1022 2145; x_wconf 82' lang='lat' dir='ltr'><strong>sq.;</strong></span> <span class='ocrx_word' id='word_1_171' title='bbox 1056 2091 1090 2133; x_wconf 75' lang='lat' dir='ltr'><strong><em>t.</em></strong></span> <span class='ocrx_word' id='word_1_172' title='bbox 1116 2088 1181 2131; x_wconf 91' lang='lat' dir='ltr'><strong><em>IV</em></strong></span> <span class='ocrx_word' id='word_1_173' title='bbox 1207 2093 1305 2143; x_wconf 83' lang='lat'><strong>263,</strong></span> <span class='ocrx_word' id='word_1_174' title='bbox 1326 2094 1350 2132; x_wconf 93' lang='grc'><strong>6</strong></span> <span class='ocrx_word' id='word_1_175' title='bbox 1368 2090 1409 2132; x_wconf 82' lang='lat' dir='ltr'><strong>R</strong></span> <span class='ocrx_word' id='word_1_176' title='bbox 1553 2092 1578 2130; x_wconf 87' lang='lat'><strong>3</strong></span> <span class='ocrx_word' id='word_1_177' title='bbox 1619 2088 1677 2132; x_wconf 84' lang='lat' dir='ltr'><strong><em>cf.</em></strong></span> <span class='ocrx_word' id='word_1_178' title='bbox 1713 2062 1759 2144; x_wconf 30' lang='lat' dir='ltr'><strong><em>pL</em></strong></span> <span class='ocrx_word' id='word_1_179' title='bbox 1786 2093 1886 2143; x_wconf 82' lang='lat'>278,</span> 
     </span>
     <span class='ocr_line' id='line_1_24' title="bbox 196 2147 1886 2249; baseline 0.001 -59"><span class='ocrx_word' id='word_1_180' title='bbox 196 2151 348 2249; x_wconf 48' lang='lat' dir='ltr'><strong><em>&#39;lrssgllh</em></strong></span> <span class='ocrx_word' id='word_1_181' title='bbox 460 2151 485 2190; x_wconf 90' lang='grc'>6</span> <span class='ocrx_word' id='word_1_182' title='bbox 518 2147 648 2191; x_wconf 82' lang='lat' dir='ltr'>Dem.</span> <span class='ocrx_word' id='word_1_183' title='bbox 674 2163 719 2204; x_wconf 90' lang='lat' dir='ltr'><strong><em>p.</em></strong></span> <span class='ocrx_word' id='word_1_184' title='bbox 748 2152 877 2203; x_wconf 84' lang='lat'>1319,</span> <span class='ocrx_word' id='word_1_185' title='bbox 895 2153 973 2203; x_wconf 76' lang='lat'><strong><em>273</em></strong></span> <span class='ocrx_word' id='word_1_186' title='bbox 1008 2153 1136 2203; x_wconf 82' lang='lat'>1365,</span> <span class='ocrx_word' id='word_1_187' title='bbox 1157 2152 1227 2191; x_wconf 82' lang='lat'><strong><em>29.</em></strong></span> <span class='ocrx_word' id='word_1_188' title='bbox 1259 2147 1399 2192; x_wconf 72' lang='lat' dir='ltr'>Arist.</span> <span class='ocrx_word' id='word_1_189' title='bbox 1425 2161 1520 2204; x_wconf 83' lang='lat' dir='ltr'>rep.</span> <span class='ocrx_word' id='word_1_190' title='bbox 1545 2147 1652 2191; x_wconf 73' lang='lat' dir='ltr'><strong>Ath.</strong></span> <span class='ocrx_word' id='word_1_191' title='bbox 1677 2147 1731 2190; x_wconf 87' lang='lat' dir='ltr'><strong><em>fr.</em></strong></span> <span class='ocrx_word' id='word_1_192' title='bbox 1759 2152 1784 2191; x_wconf 88' lang='lat'>5</span> <span class='ocrx_word' id='word_1_193' title='bbox 1814 2149 1886 2193; x_wconf 84' lang='lat' dir='ltr'><strong><em>ed.</em></strong></span> 
     </span>
    </p>
   </div>
   <div class='ocr_carea' id='block_1_5' title="bbox 204 2290 559 2298">
    <p class='ocr_par' dir='ltr' id='par_1_5' title="bbox 204 2290 559 2298">
     <span class='ocr_line' id='line_1_25' title="bbox 204 2290 559 2298; baseline 0 0"><span class='ocrx_word' id='word_1_194' title='bbox 204 2290 559 2298; x_wconf 95' lang='lat' dir='ltr'><strong><em> </em></strong></span> 
     </span>
    </p>
   </div>
   <div class='ocr_carea' id='block_1_6' title="bbox 197 2337 1889 2986">
    <p class='ocr_par' dir='ltr' id='par_1_6' title="bbox 198 2337 1889 2515">
     <span class='ocr_line' id='line_1_26' title="bbox 318 2337 1889 2398; baseline 0.003 -16"><span class='ocrx_word' id='word_1_195' title='bbox 318 2343 339 2382; x_wconf 91' lang='lat'>1</span> <span class='ocrx_word' id='word_1_196' title='bbox 373 2346 454 2396; x_wconf 87' lang='grc' dir='ltr'><strong><em>τῆς</em></strong></span> <span class='ocrx_word' id='word_1_197' title='bbox 483 2339 659 2382; x_wconf 81' lang='lat' dir='ltr'>inserui</span> <span class='ocrx_word' id='word_1_198' title='bbox 692 2354 747 2383; x_wconf 83' lang='lat' dir='ltr'><strong><em>ex</em></strong></span> <span class='ocrx_word' id='word_1_199' title='bbox 771 2340 1086 2385; x_wconf 74' lang='lat' dir='ltr'><strong><em>HVViMaOc</em></strong></span> <span class='ocrx_word' id='word_1_200' title='bbox 1147 2354 1221 2383; x_wconf 92' lang='lat' dir='ltr'><strong><em>om</em></strong></span> <span class='ocrx_word' id='word_1_201' title='bbox 1247 2340 1292 2384; x_wconf 90' lang='lat' dir='ltr'><strong><em>P</em></strong></span> <span class='ocrx_word' id='word_1_202' title='bbox 1321 2341 1412 2383; x_wconf 82' lang='lat' dir='ltr'><strong><em>edd</em></strong></span> <span class='ocrx_word' id='word_1_203' title='bbox 1547 2345 1572 2384; x_wconf 79' lang='lat'><strong>2</strong></span> <span class='ocrx_word' id='word_1_204' title='bbox 1613 2337 1658 2398; x_wconf 78' lang='grc' dir='ltr'><strong><em>ἢ]</em></strong></span> <span class='ocrx_word' id='word_1_205' title='bbox 1693 2341 1773 2383; x_wconf 82' lang='grc' dir='ltr'><strong><em>καὶ</em></strong></span> <span class='ocrx_word' id='word_1_206' title='bbox 1799 2343 1889 2386; x_wconf 87' lang='lat' dir='ltr'><strong><em>Ma</em></strong></span> 
     </span>
     <span class='ocr_line' id='line_1_27' title="bbox 200 2397 1888 2455; baseline 0.001 -13"><span class='ocrx_word' id='word_1_207' title='bbox 200 2398 251 2442; x_wconf 82' lang='lat' dir='ltr'><strong><em>Ol</em></strong></span> <span class='ocrx_word' id='word_1_208' title='bbox 371 2402 396 2440; x_wconf 83' lang='lat'>6</span> <span class='ocrx_word' id='word_1_209' title='bbox 433 2397 653 2455; x_wconf 78' lang='grc' dir='ltr'><strong><em>γεννήτας</em></strong></span> <span class='ocrx_word' id='word_1_210' title='bbox 687 2398 851 2455; x_wconf 83' lang='lat' dir='ltr'>scripsi</span> <span class='ocrx_word' id='word_1_211' title='bbox 884 2412 908 2442; x_wconf 83' lang='lat' dir='ltr'>e</span> <span class='ocrx_word' id='word_1_212' title='bbox 943 2400 999 2444; x_wconf 79' lang='lat' dir='ltr'><strong><em>Vi</em></strong></span> <span class='ocrx_word' id='word_1_213' title='bbox 1059 2398 1284 2455; x_wconf 76' lang='grc' dir='ltr'><strong><em>γεννητὰς</em></strong></span> <span class='ocrx_word' id='word_1_214' title='bbox 1308 2400 1366 2443; x_wconf 89' lang='lat' dir='ltr'><em>H</em></span> <span class='ocrx_word' id='word_1_215' title='bbox 1371 2399 1599 2445; x_wconf 81' lang='lat' dir='ltr'><em>VPMaGl</em></span> <span class='ocrx_word' id='word_1_216' title='bbox 1630 2399 1721 2442; x_wconf 86' lang='lat' dir='ltr'><strong><em>edd</em></strong></span> <span class='ocrx_word' id='word_1_217' title='bbox 1770 2401 1776 2455; x_wconf 80' lang='grc' dir='ltr'>Ι</span> <span class='ocrx_word' id='word_1_218' title='bbox 1828 2397 1888 2443; x_wconf 74' lang='grc' dir='ltr'><strong><em>ἂν</em></strong></span> 
     </span>
     <span class='ocr_line' id='line_1_28' title="bbox 198 2455 1887 2515; baseline 0.002 -16"><span class='ocrx_word' id='word_1_219' title='bbox 198 2471 274 2500; x_wconf 89' lang='lat' dir='ltr'><strong><em>om</em></strong></span> <span class='ocrx_word' id='word_1_220' title='bbox 297 2457 344 2501; x_wconf 92' lang='lat' dir='ltr'><strong><em>P</em></strong></span> <span class='ocrx_word' id='word_1_221' title='bbox 371 2456 472 2500; x_wconf 85' lang='lat' dir='ltr'><strong><em>Mor</em></strong></span> <span class='ocrx_word' id='word_1_222' title='bbox 594 2462 617 2501; x_wconf 78' lang='lat'>7</span> <span class='ocrx_word' id='word_1_223' title='bbox 651 2455 940 2515; x_wconf 79' lang='grc' dir='ltr'><strong><em>γραμματίου</em></strong></span> <span class='ocrx_word' id='word_1_224' title='bbox 976 2458 1032 2501; x_wconf 79' lang='lat' dir='ltr'><strong><em>Vz·</em></strong></span> <span class='ocrx_word' id='word_1_225' title='bbox 1151 2462 1177 2501; x_wconf 90' lang='lat'>8</span> <span class='ocrx_word' id='word_1_226' title='bbox 1210 2459 1290 2501; x_wconf 84' lang='grc' dir='ltr'><strong><em>καὶ</em></strong></span> <span class='ocrx_word' id='word_1_227' title='bbox 1321 2459 1496 2502; x_wconf 83' lang='lat' dir='ltr'>inserui</span> <span class='ocrx_word' id='word_1_228' title='bbox 1557 2472 1627 2502; x_wconf 89' lang='lat' dir='ltr'><strong><em>om</em></strong></span> <span class='ocrx_word' id='word_1_229' title='bbox 1663 2457 1771 2501; x_wconf 87' lang='lat' dir='ltr'>libri</span> <span class='ocrx_word' id='word_1_230' title='bbox 1795 2459 1887 2502; x_wconf 81' lang='lat' dir='ltr'><strong><em>edd</em></strong></span> 
     </span>
    </p>

    <p class='ocr_par' dir='ltr' id='par_1_7' title="bbox 197 2513 1889 2986">
     <span class='ocr_line' id='line_1_29' title="bbox 317 2513 1887 2573; baseline 0.002 -15"><span class='ocrx_word' id='word_1_231' title='bbox 317 2520 342 2559; x_wconf 88' lang='grc'>9</span> <span class='ocrx_word' id='word_1_232' title='bbox 366 2513 591 2559; x_wconf 84' lang='grc' dir='ltr'><strong><em>παιδείαν</em></strong></span> <span class='ocrx_word' id='word_1_233' title='bbox 623 2531 698 2560; x_wconf 89' lang='lat' dir='ltr'><strong><em>om</em></strong></span> <span class='ocrx_word' id='word_1_234' title='bbox 718 2518 862 2562; x_wconf 76' lang='lat' dir='ltr'><strong><em>Maol</em></strong></span> <span class='ocrx_word' id='word_1_235' title='bbox 888 2519 894 2573; x_wconf 94' lang='grc' dir='ltr'>Ι</span> <span class='ocrx_word' id='word_1_236' title='bbox 923 2513 993 2567; x_wconf 81' lang='grc' dir='ltr'><strong><em>οἷς</em></strong></span> <span class='ocrx_word' id='word_1_237' title='bbox 1023 2518 1131 2561; x_wconf 65' lang='lat' dir='ltr'>anfie</span> <span class='ocrx_word' id='word_1_238' title='bbox 1156 2518 1235 2560; x_wconf 79' lang='grc' dir='ltr'><strong><em>καὶ</em></strong></span> <span class='ocrx_word' id='word_1_239' title='bbox 1266 2516 1375 2560; x_wconf 86' lang='lat' dir='ltr'>libri</span> <span class='ocrx_word' id='word_1_240' title='bbox 1401 2517 1492 2561; x_wconf 86' lang='lat' dir='ltr'><strong><em>edd</em></strong></span> <span class='ocrx_word' id='word_1_241' title='bbox 1553 2516 1701 2560; x_wconf 81' lang='lat' dir='ltr'>delevi</span> <span class='ocrx_word' id='word_1_242' title='bbox 1761 2517 1811 2560; x_wconf 89' lang='lat' dir='ltr'><strong><em>in</em></strong></span> <span class='ocrx_word' id='word_1_243' title='bbox 1836 2516 1887 2561; x_wconf 80' lang='grc' dir='ltr'><strong><em>δὲ</em></strong></span> 
     </span>
     <span class='ocr_line' id='line_1_30' title="bbox 197 2573 1887 2633; baseline 0.001 -16"><span class='ocrx_word' id='word_1_244' title='bbox 197 2574 473 2618; x_wconf 76' lang='lat' dir='ltr'>mutandum</span> <span class='ocrx_word' id='word_1_245' title='bbox 500 2575 604 2618; x_wconf 84' lang='lat' dir='ltr'>coni</span> <span class='ocrx_word' id='word_1_246' title='bbox 628 2575 694 2618; x_wconf 87' lang='lat' dir='ltr'><strong><em>Re</em></strong></span> <span class='ocrx_word' id='word_1_247' title='bbox 722 2575 1020 2632; x_wconf 79' lang='lat' dir='ltr'>aposiopesin</span> <span class='ocrx_word' id='word_1_248' title='bbox 1045 2577 1254 2619; x_wconf 71' lang='lat' dir='ltr'>statuens</span> <span class='ocrx_word' id='word_1_249' title='bbox 1281 2579 1358 2631; x_wconf 84' lang='lat' dir='ltr'><strong>(sc.</strong></span> <span class='ocrx_word' id='word_1_250' title='bbox 1385 2574 1559 2633; x_wconf 75' lang='grc' dir='ltr'><strong><em>λέγοιμι</em></strong></span> <span class='ocrx_word' id='word_1_251' title='bbox 1584 2573 1644 2620; x_wconf 76' lang='grc' dir='ltr'><strong><em>ἂν</em></strong></span> <span class='ocrx_word' id='word_1_252' title='bbox 1666 2575 1750 2632; x_wconf 89' lang='grc' dir='ltr'><strong><em>τὴν</em></strong></span> <span class='ocrx_word' id='word_1_253' title='bbox 1774 2575 1887 2633; x_wconf 80' lang='grc' dir='ltr'><strong><em>ἐμὴν</em></strong></span> 
     </span>
     <span class='ocr_line' id='line_1_31' title="bbox 197 2631 1887 2691; baseline 0.001 -15"><span class='ocrx_word' id='word_1_254' title='bbox 197 2634 278 2676; x_wconf 79' lang='grc' dir='ltr'><strong><em>καὶ</em></strong></span> <span class='ocrx_word' id='word_1_255' title='bbox 308 2631 447 2677; x_wconf 84' lang='grc' dir='ltr'><strong><em>πλείω</em></strong></span> <span class='ocrx_word' id='word_1_256' title='bbox 478 2634 673 2689; x_wconf 86' lang='grc' dir='ltr'><strong><em>τούτων)</em></strong></span> <span class='ocrx_word' id='word_1_257' title='bbox 735 2633 958 2679; x_wconf 84' lang='grc' dir='ltr'><strong><em>παιδείαν</em></strong></span> <span class='ocrx_word' id='word_1_258' title='bbox 991 2634 1041 2678; x_wconf 82' lang='grc' dir='ltr'><strong><em>δὲ</em></strong></span> <span class='ocrx_word' id='word_1_259' title='bbox 1074 2635 1155 2678; x_wconf 81' lang='grc' dir='ltr'><strong><em>καὶ</em></strong></span> <span class='ocrx_word' id='word_1_260' title='bbox 1182 2633 1321 2678; x_wconf 83' lang='grc' dir='ltr'><strong><em>πλείω</em></strong></span> <span class='ocrx_word' id='word_1_261' title='bbox 1353 2641 1546 2679; x_wconf 85' lang='grc' dir='ltr'><strong><em>τοιαῦτα</em></strong></span> <span class='ocrx_word' id='word_1_262' title='bbox 1579 2641 1687 2690; x_wconf 83' lang='grc' dir='ltr'><strong><em>σιγῶ</em></strong></span> <span class='ocrx_word' id='word_1_263' title='bbox 1720 2635 1781 2684; x_wconf 86' lang='grc' dir='ltr'><strong><em>ὡς</em></strong></span> <span class='ocrx_word' id='word_1_264' title='bbox 1805 2634 1887 2691; x_wconf 85' lang='grc' dir='ltr'><strong><em>φέ-</em></strong></span> 
     </span>
     <span class='ocr_line' id='line_1_32' title="bbox 199 2691 1889 2750; baseline 0.002 -15"><span class='ocrx_word' id='word_1_265' title='bbox 199 2692 341 2747; x_wconf 75' lang='grc' dir='ltr'><strong><em>ροντά</em></strong></span> <span class='ocrx_word' id='word_1_266' title='bbox 377 2710 483 2736; x_wconf 87' lang='grc' dir='ltr'><strong><em>τινα</em></strong></span> <span class='ocrx_word' id='word_1_267' title='bbox 521 2691 789 2748; x_wconf 84' lang='grc' dir='ltr'><strong><em>φιλοτιμίαν</em></strong></span> <span class='ocrx_word' id='word_1_268' title='bbox 831 2694 934 2738; x_wconf 86' lang='lat' dir='ltr'>coni</span> <span class='ocrx_word' id='word_1_269' title='bbox 973 2693 1137 2737; x_wconf 65' lang='lat' dir='ltr'>Iacobo</span> <span class='ocrx_word' id='word_1_270' title='bbox 1169 2693 1281 2737; x_wconf 73' lang='lat' dir='ltr'>Lect</span> <span class='ocrx_word' id='word_1_271' title='bbox 1313 2698 1397 2737; x_wconf 89' lang='lat'><strong><em>104</em></strong></span> <span class='ocrx_word' id='word_1_272' title='bbox 1433 2694 1526 2737; x_wconf 79' lang='lat' dir='ltr'><strong><em>Rev</em></strong></span> <span class='ocrx_word' id='word_1_273' title='bbox 1557 2698 1584 2737; x_wconf 82' lang='lat'>4</span> <span class='ocrx_word' id='word_1_274' title='bbox 1633 2697 1638 2750; x_wconf 93' lang='grc' dir='ltr'>Ι</span> <span class='ocrx_word' id='word_1_275' title='bbox 1690 2692 1798 2744; x_wconf 78' lang='grc' dir='ltr'><strong><em>ἴσως</em></strong></span> <span class='ocrx_word' id='word_1_276' title='bbox 1832 2695 1889 2738; x_wconf 74' lang='lat' dir='ltr'><strong><em>Vi</em></strong></span> 
     </span>
     <span class='ocr_line' id='line_1_33' title="bbox 199 2751 1888 2811; baseline 0.002 -18"><span class='ocrx_word' id='word_1_277' title='bbox 199 2751 279 2794; x_wconf 81' lang='lat' dir='ltr'><strong><em>sed</em></strong></span> <span class='ocrx_word' id='word_1_278' title='bbox 312 2751 392 2811; x_wconf 79' lang='grc' dir='ltr'><strong><em>ἴσῳ</em></strong></span> <span class='ocrx_word' id='word_1_279' title='bbox 423 2751 473 2794; x_wconf 89' lang='lat' dir='ltr'><strong><em>in</em></strong></span> <span class='ocrx_word' id='word_1_280' title='bbox 503 2765 638 2808; x_wconf 87' lang='lat' dir='ltr'>marg</span> <span class='ocrx_word' id='word_1_281' title='bbox 669 2751 738 2794; x_wconf 79' lang='lat' dir='ltr'><strong><em>m²</em></strong></span> <span class='ocrx_word' id='word_1_282' title='bbox 799 2751 880 2796; x_wconf 79' lang='grc' dir='ltr'><strong><em>ἴσω</em></strong></span> <span class='ocrx_word' id='word_1_283' title='bbox 915 2754 959 2797; x_wconf 89' lang='lat' dir='ltr'><strong><em>V</em></strong></span> <span class='ocrx_word' id='word_1_284' title='bbox 1073 2756 1127 2796; x_wconf 89' lang='lat'><strong><em>10</em></strong></span> <span class='ocrx_word' id='word_1_285' title='bbox 1161 2755 1292 2797; x_wconf 81' lang='grc' dir='ltr'><strong><em>δοκεῖ</em></strong></span> <span class='ocrx_word' id='word_1_286' title='bbox 1323 2754 1380 2797; x_wconf 76' lang='lat' dir='ltr'><strong><em>Vi</em></strong></span> <span class='ocrx_word' id='word_1_287' title='bbox 1409 2752 1492 2797; x_wconf 76' lang='lat' dir='ltr'><strong><em>sed</em></strong></span> <span class='ocrx_word' id='word_1_288' title='bbox 1515 2753 1651 2808; x_wconf 83' lang='grc' dir='ltr'><strong><em>ἀρκεῖ</em></strong></span> <span class='ocrx_word' id='word_1_289' title='bbox 1677 2751 1726 2796; x_wconf 85' lang='lat' dir='ltr'><strong><em>in</em></strong></span> <span class='ocrx_word' id='word_1_290' title='bbox 1753 2765 1888 2808; x_wconf 83' lang='lat' dir='ltr'>marg</span> 
     </span>
     <span class='ocr_line' id='line_1_34' title="bbox 198 2808 1888 2869; baseline 0.001 -17"><span class='ocrx_word' id='word_1_291' title='bbox 198 2809 268 2852; x_wconf 83' lang='lat' dir='ltr'><strong><em>m²</em></strong></span> <span class='ocrx_word' id='word_1_292' title='bbox 411 2816 462 2854; x_wconf 91' lang='lat'><strong><em>11</em></strong></span> <span class='ocrx_word' id='word_1_293' title='bbox 496 2816 641 2854; x_wconf 88' lang='grc' dir='ltr'><strong><em>ταῦτα</em></strong></span> <span class='ocrx_word' id='word_1_294' title='bbox 677 2811 733 2855; x_wconf 80' lang='lat' dir='ltr'><strong><em>Vi</em></strong></span> <span class='ocrx_word' id='word_1_295' title='bbox 870 2816 924 2854; x_wconf 82' lang='lat'><strong><em>14</em></strong></span> <span class='ocrx_word' id='word_1_296' title='bbox 955 2814 1017 2869; x_wconf 84' lang='grc' dir='ltr'><strong><em>τῷ</em></strong></span> <span class='ocrx_word' id='word_1_297' title='bbox 1052 2808 1261 2868; x_wconf 79' lang='grc' dir='ltr'><strong><em>Φιλίππῳ</em></strong></span> <span class='ocrx_word' id='word_1_298' title='bbox 1294 2825 1368 2855; x_wconf 90' lang='lat' dir='ltr'><strong><em>om</em></strong></span> <span class='ocrx_word' id='word_1_299' title='bbox 1395 2813 1484 2856; x_wconf 84' lang='lat' dir='ltr'><strong><em>Ma</em></strong></span> <span class='ocrx_word' id='word_1_300' title='bbox 1620 2815 1672 2854; x_wconf 88' lang='lat'><strong><em>16</em></strong></span> <span class='ocrx_word' id='word_1_301' title='bbox 1705 2811 1796 2855; x_wconf 85' lang='grc' dir='ltr'><strong><em>ὑπὸ</em></strong></span> <span class='ocrx_word' id='word_1_302' title='bbox 1831 2813 1888 2855; x_wconf 81' lang='lat' dir='ltr'><strong><em>Vi</em></strong></span> 
     </span>
     <span class='ocr_line' id='line_1_35' title="bbox 199 2868 1886 2926; baseline 0.001 -15"><span class='ocrx_word' id='word_1_303' title='bbox 199 2869 281 2912; x_wconf 82' lang='lat' dir='ltr'><strong><em>sed</em></strong></span> <span class='ocrx_word' id='word_1_304' title='bbox 314 2869 442 2924; x_wconf 81' lang='grc' dir='ltr'><strong><em>παρὰ</em></strong></span> <span class='ocrx_word' id='word_1_305' title='bbox 473 2869 522 2912; x_wconf 90' lang='lat' dir='ltr'><strong><em>in</em></strong></span> <span class='ocrx_word' id='word_1_306' title='bbox 554 2882 688 2926; x_wconf 84' lang='lat' dir='ltr'>marg</span> <span class='ocrx_word' id='word_1_307' title='bbox 718 2869 788 2913; x_wconf 73' lang='lat' dir='ltr'><strong><em>m‘</em></strong></span> <span class='ocrx_word' id='word_1_308' title='bbox 847 2869 978 2924; x_wconf 82' lang='grc' dir='ltr'><strong><em>παρὰ</em></strong></span> <span class='ocrx_word' id='word_1_309' title='bbox 1003 2871 1109 2915; x_wconf 88' lang='lat' dir='ltr'><strong><em>HV</em></strong></span> <span class='ocrx_word' id='word_1_310' title='bbox 1224 2874 1277 2913; x_wconf 90' lang='lat'><strong><em>18</em></strong></span> <span class='ocrx_word' id='word_1_311' title='bbox 1310 2868 1505 2915; x_wconf 82' lang='grc' dir='ltr'><strong><em>διδόντα</em></strong></span> <span class='ocrx_word' id='word_1_312' title='bbox 1529 2872 1575 2916; x_wconf 85' lang='grc' dir='ltr'><strong><em>Ρ</em></strong></span> <span class='ocrx_word' id='word_1_313' title='bbox 1602 2870 1702 2914; x_wconf 90' lang='lat' dir='ltr'><strong><em>Mor</em></strong></span> <span class='ocrx_word' id='word_1_314' title='bbox 1763 2870 1886 2914; x_wconf 80' lang='grc' dir='ltr'><strong><em>ἐκδι-</em></strong></span> 
     </span>
     <span class='ocr_line' id='line_1_36' title="bbox 199 2926 1888 2986; baseline 0.001 -16"><span class='ocrx_word' id='word_1_315' title='bbox 199 2926 378 2970; x_wconf 81' lang='grc' dir='ltr'><strong><em>δόντων</em></strong></span> <span class='ocrx_word' id='word_1_316' title='bbox 404 2928 507 2971; x_wconf 83' lang='lat' dir='ltr'>coni</span> <span class='ocrx_word' id='word_1_317' title='bbox 532 2927 688 2971; x_wconf 80' lang='lat' dir='ltr'>Gasda</span> <span class='ocrx_word' id='word_1_318' title='bbox 811 2933 863 2971; x_wconf 88' lang='grc'><strong><em>19</em></strong></span> <span class='ocrx_word' id='word_1_319' title='bbox 898 2935 1140 2986; x_wconf 84' lang='grc' dir='ltr'><strong><em>πανταχοῦ</em></strong></span> <span class='ocrx_word' id='word_1_320' title='bbox 1165 2929 1224 2971; x_wconf 82' lang='lat' dir='ltr'><strong><em>Vi</em></strong></span> <span class='ocrx_word' id='word_1_321' title='bbox 1248 2929 1329 2972; x_wconf 80' lang='lat' dir='ltr'><strong><em>sed</em></strong></span> <span class='ocrx_word' id='word_1_322' title='bbox 1352 2936 1564 2985; x_wconf 86' lang='grc' dir='ltr'><strong><em>πανταχῆ</em></strong></span> <span class='ocrx_word' id='word_1_323' title='bbox 1590 2929 1638 2971; x_wconf 89' lang='lat' dir='ltr'><strong><em>in</em></strong></span> <span class='ocrx_word' id='word_1_324' title='bbox 1662 2942 1795 2984; x_wconf 87' lang='lat' dir='ltr'>marg</span> <span class='ocrx_word' id='word_1_325' title='bbox 1817 2928 1888 2971; x_wconf 79' lang='lat' dir='ltr'><strong><em>m’</em></strong></span> 
     </span>
    </p>
   </div>
  </div>
 </body>
</html>
