2010 3168
625 96 1106 143 ARISTOPHONTIS
1139 96 1364 141 ORATIO
1739 96 1802 153 17
1814 96 1839 147 l

152 239 437 299 λύσαντος.
498 234 726 303 ἐδήσατε
778 242 962 303 χεῖρας
1014 231 1228 296 ἐκείνας
1297 232 1359 296 ἃς
1420 231 1646 297 ἐξέτεινε
1712 234 1845 298 μετὰ

151 335 265 379 τῶν
311 322 783 395 παραγγελμάτων
828 320 920 375 καὶ
967 322 1141 384 πόδας
1189 318 1330 390 ὑπὲρ
1380 330 1493 374 τῶν
1543 319 1847 389 Ἀθηναίων

155 417 479 484 δραμόντας,
511 410 601 465 καὶ
634 413 907 481 πρότερον
940 410 1000 463 ἐν
1031 418 1148 473 τοῖς
1180 411 1404 479 δεσμοῖς
1436 409 1681 463 ἀπέθανε
1712 407 1847 478 πρὶν

151 504 362 565 λύσεως
399 499 571 571 ἔτυχε.
617 500 704 554 45.
744 498 836 553 καὶ
872 503 1244 569 Θεμιστοκλῆς
1275 501 1484 568 ἔφυγεν
1516 499 1594 561 εἰς
1626 497 1849 566 Πέρσας

150 591 222 660 ἣν
261 591 396 644 ὁδὸν
430 587 654 658 ἐξήλασε
679 587 920 658 βασιλέα.
961 587 1052 641 καὶ
1086 588 1561 655 Λακεδαιμονίους
1599 583 1701 656 μὲν
1733 586 1847 655 ἐξη-
1896 608 1914 639 5

152 680 364 748 πάτησε
402 681 534 741 τοὺς
566 679 804 746 δεινούς,
835 676 928 731 καὶ
959 678 1168 740 πάντας
1200 676 1536 746 ἀνθρώπους
1566 678 1848 744 παρήγαγε

150 769 378 839 ῥᾳδίως·
432 768 570 835 πρὸς
617 764 678 820 δὲ
729 770 736 831 Ι
786 768 847 820 τὸ
898 767 1255 836 δικαστήριον
1286 762 1462 830 ,οὐδὲν
1500 762 1668 834 ἔργον
1733 769 1784 813 Η.
1800 769 1863 812 IX
1882 774 1937 813 44

150 857 300 929 αὐτῷ
332 865 428 925 τῆς
466 855 742 918 συνέσεως
781 857 1020 925 ἴσχυσεν.
1068 855 1171 909 οὐκ
1218 857 1373 924 ἔτυχε
1413 855 1743 923 συγγνώμης
1782 854 1847 906 οὐ

149 945 264 1014 μετ’
310 946 561 1014 Εὔβοιαν
593 950 887 1015 Περικλῆς,
926 945 994 998 οὐ
1026 946 1159 1014 μετὰ
1191 945 1533 997 Ναύπακτον
1571 945 1850 1011 Φορμίων,

151 1035 221 1089 οὐ
261 1036 395 1104 μετὰ
435 1033 655 1101 Λέσβον
695 1034 900 1103 Πάχης,
940 1034 1007 1087 οὐ
1046 1034 1180 1101 μετὰ
1215 1032 1566 1103 Ἀργινούσας
1605 1033 1658 1085 οἱ
1702 1030 1852 1099 δέκα,
1877 1054 1920 1086 ιο

152 1120 235 1178 ὧν
272 1124 361 1177 ἐπὶ
400 1130 528 1192 μιᾶς
568 1122 767 1192 ἡμέρας
804 1123 1059 1176 θάνατον
1095 1123 1567 1191 κατεψηφίσασθε.
1621 1121 1688 1174 οὐ
1730 1124 1852 1174 Σω-

150 1213 354 1282 κράτης
392 1214 676 1281 παρήγαγε
707 1218 785 1283 τῷ
818 1213 961 1283 λόγῳ
993 1214 1126 1274 τοὺς
1158 1211 1495 1278 δικάζοντας,
1536 1210 1603 1264 οὐ
1639 1210 1852 1278 Θρασύ-

154 1305 358 1371 βουλος
405 1301 433 1354 ὁ
482 1301 727 1364 ἀποδοὺς
772 1302 874 1370 τὴν
928 1302 1301 1370 δημοκρατίαν
1346 1300 1438 1353 καὶ
1484 1300 1551 1352 τὰ
1598 1300 1854 1367 δικαστή-

155 1411 266 1459 ρια,
307 1391 372 1443 οὐ
413 1391 480 1443 τὰ
516 1395 819 1457 τελευταῖα,
859 1391 1296 1459 Καλλίστρατος,
1333 1388 1399 1442 ὃν
1436 1388 1854 1459 ὑπερβάλλοντα

155 1480 431 1548 δεινότητι
469 1481 600 1542 τοὺς
637 1479 874 1549 ῥήτορας
912 1479 1101 1541 αὐτοῖς
1132 1480 1318 1547 λόγοις
1350 1478 1576 1546 φυγάδα
1607 1477 1852 1530 άπεστεί-
1878 1498 1919 1531 15

157 1572 298 1622 λατε.
353 1563 433 1621 ὧν
484 1565 578 1621 καὶ
625 1567 883 1637 Κέφαλος
937 1567 1103 1621 ἐνίων
1155 1566 1446 1637 ἐμέμνητο,
1508 1567 1689 1635 ὥσπερ
1752 1565 1854 1635 οὐχ

156 1654 295 1726 ὑπὲρ
351 1656 486 1726 ἐμοῦ
536 1657 1061 1726 σεμνολογούμενος.
1129 1657 1217 1709 46.
1272 1650 1388 1709 εἶτα
1441 1664 1558 1719 τοῖς
1611 1655 1856 1725 ἀρίστοις

155 1746 276 1814 μέν,
315 1745 440 1799 καθ’
491 1746 558 1799 ὃν
594 1742 666 1814 ἦν
704 1748 910 1816 χρόνον
950 1746 1135 1799 αὐτῶν
1169 1744 1414 1814 ἕκαστος,
1454 1746 1502 1798 εἰ
1533 1745 1622 1797 καὶ
1654 1746 1855 1814 μικρὸν

157 1836 426 1904 ἥμαρτον,
489 1833 547 1888 ἐκ
607 1838 912 1904 μεταβολῆς
982 1833 1344 1905 ἰσχυροτέραν
1411 1828 1696 1887 ἐποιεῖσθε
1755 1834 1856 1902 τὴν

157 1923 333 1994 ὀργὴν
371 1926 472 1993 τὴν
512 1923 599 1977 ἐπὶ
639 1934 755 1987 τοῖς
787 1934 1000 1987 καινοῖς
1032 1923 1331 1993 ἐγκλήμασι
1370 1931 1466 1992 τῆς
1497 1925 1712 1992 μνήμης
1745 1931 1856 1975 τῶν
1881 1944 1923 1975 eo

155 2012 751 2083 προκατωρθωμένων,
797 2011 888 2066 καὶ
929 2013 1163 2075 τούτους
1213 2012 1280 2066 οὐ
1320 2014 1626 2081 ναυμαχίας
1665 2010 1855 2078 λέγον-

157 2121 271 2170 τας,
298 2101 363 2154 οὐ
395 2102 736 2170 πεζομαχίας,
763 2101 831 2154 οὐ
864 2103 1098 2170 τρόπαια
1131 2101 1456 2162 δεικνύντας
1487 2098 1741 2166 ἐσώσατε,
1765 2099 1856 2151 καὶ

279 2252 304 2291 2
339 2246 396 2291 cf.
421 2249 454 2290 t.
480 2246 640 2301 V515,
661 2250 714 2290 17
838 2251 862 2289 3
897 2246 954 2290 cf.
986 2247 1020 2290 t.
1046 2245 1088 2290 V
1114 2250 1214 2300 104,
1231 2250 1258 2288 4
1378 2251 1406 2289 4
1438 2245 1495 2290 cf.
1521 2247 1553 2289 t.
1572 2245 1614 2287 V
1633 2250 1701 2298 72,
1721 2250 1745 2287 2
1765 2259 1854 2300 sq.;

163 2311 263 2361 104,
281 2311 306 2350 5
428 2311 453 2349 9
487 2305 631 2349 Thuc.
655 2305 677 2348 I
702 2309 787 2349 114
814 2306 821 2363 Ι
849 2305 994 2349 Thuc.
1018 2305 1060 2348 Π
1086 2309 1170 2350 102
1295 2309 1350 2349 10
1383 2304 1440 2349 cf.
1472 2304 1698 2348 Thuc.111
1715 2308 1769 2347 27
1784 2318 1855 2359 sq.

165 2366 169 2423 Ι
204 2367 237 2409 t.
263 2366 305 2409 V
332 2369 431 2420 134,
450 2370 475 2408 2
599 2368 653 2409 13
687 2364 744 2409 cf.
778 2380 821 2421 p.
851 2370 950 2421 126,
968 2370 993 2409 3
1118 2370 1173 2409 14
1206 2365 1336 2408 Dem.
1369 2379 1415 2421 p.
1441 2368 1542 2419 436,
1562 2368 1630 2408 13.
1665 2368 1764 2416 742,
1784 2368 1852 2407 23.

159 2424 219 2468 cf.
253 2424 409 2468 Herm.
433 2424 497 2468 IX
524 2428 578 2467 70
702 2429 755 2468 16
789 2423 847 2468 cf.
879 2439 924 2481 p.
951 2428 1051 2478 126,
1069 2428 1094 2467 2
1114 2439 1180 2480 sq.

286 2562 307 2600 1
343 2556 536 2612 ἐδήσατε
562 2559 651 2601 Μα
682 2557 765 2601 scd
796 2556 818 2601 ἐ
848 2557 899 2600 in
929 2571 1005 2601 ras
1037 2557 1106 2601 m²
1151 2561 1158 2613 Ι
1207 2555 1291 2607 τὰς
1320 2557 1430 2600 ante
1462 2563 1620 2614 χεῖρας
1650 2555 1857 2599 inseren-

162 2615 276 2658 dum
308 2617 465 2660 censet
487 2615 728 2660 Hertlinus
850 2621 875 2660 2
907 2615 1304 2674 παραγγελμάτων
1335 2615 1503 2671 scripsi
1563 2614 1857 2672 ἀπαγγελμά-

166 2691 256 2718 των
282 2675 420 2720 ΜαΡ
443 2675 449 2733 Ι
476 2674 628 2726 πόδας
659 2674 868 2778 ᾗοὺςγὲ
1007 2680 1031 2719 3
1065 2674 1310 2720 ἀπέθανεν
1334 2675 1423 2719 Μα
1556 2679 1580 2717 6
1614 2673 1856 2730 παρήγαγε

164 2733 331 2790 scripsi
390 2733 643 2791 περιήγαγε
722 2736 799 2779 αΡ
915 2739 941 2778 8
971 2733 1158 2810 ἴσχυσεν
1174 2733 1425 2778 delendum
1442 2735 1600 2777 censet
1615 2731 1855 2776 Hertlinus

286 2796 340 2836 10
358 2791 669 2849 ἀργιννούσας
678 2793 816 2839 ΜαΡ
934 2798 986 2837 13
1007 2810 1030 2838 ο
1048 2793 1258 2844 ἀποδοὺς
1274 2792 1440 2849 scripsi
1457 2806 1562 2836 cum
1578 2791 1792 2835 Hei-filino
1810 2793 1857 2834 ct

164 2850 340 2896 Cobeto
402 2851 426 2896 ὁ
451 2852 564 2903 δοὺς
582 2854 672 2896 Μα
732 2851 874 2903 ὁδοὺς
890 2853 936 2897 Ρ
1052 2857 1109 2896 20
1133 2859 1317 2903 καινοῖς
1341 2851 1506 2908 scripsi
1566 2858 1744 2901 κοινοῖς
1770 2851 1854 2894 Ma

166 2911 214 2955 P
330 2914 385 2953 22
418 2911 564 2969 οὐ(2)]
597 2911 676 2955 καὶ
703 2913 792 2956 Μα
818 2914 825 2967 Ι
853 2911 1119 2962 δεικνύντες
1142 2913 1188 2956 Ρ
1217 2911 1299 2955 sed
1330 2913 1423 2967 ε<2)
1454 2910 1504 2953 in
1536 2927 1567 2953 α
1600 2924 1701 2953 corr
1730 2908 1799 2952 m’
