2010 3168
394 115 826 162 DEMOSTHENIS
859 115 929 160 SE
959 115 1323 160 INCUSAN'I'IS
1355 114 1582 160 ORATIO
1718 115 1827 168 293

237 258 647 307 Westermannus
694 257 1052 319 Excerptorum
1100 271 1158 304 ex
1206 255 1541 305 bibliothecae
1588 255 1830 304 Paulinae

126 332 398 396 Lipsiensis
427 331 570 380 libris
600 346 753 378 manu
785 331 985 393 scriptis
1023 332 1166 392 parte
1206 331 1370 393 prima
1400 324 1628 397 (Lipsiae
1662 324 1829 395 1865)

127 422 227 455 non
272 406 431 455 solum
477 405 748 468 Nicephori
801 403 1051 468 Gregorae
1098 406 1375 453 orationem
1422 420 1482 452 ex
1528 405 1621 452 hoc
1666 404 1831 454 codice

128 482 425 543 descriptam
458 478 616 527 edidit
647 472 717 545 (p.
744 471 1005 545 21—26),
1037 479 1123 527 sed
1147 480 1300 526 etiam
1326 494 1436 527 cum
1463 478 1673 541 reliquis
1704 493 1831 540 quae

128 554 293 604 codice
336 555 656 601 continentur
693 552 973 601 Libaniana
1013 556 1243 601 accurate
1284 568 1397 601 cum
1436 552 1654 601 editione
1693 552 1831 601 Reis-

125 629 277 676 kiana
323 626 537 676 contulit
583 621 661 694 (p.
699 620 1305 693 17—21).Libaniana
1349 628 1456 688 ipse
1506 642 1636 675 anno
1687 628 1828 675 1909

126 702 285 751 denuo
318 703 522 750 excussi.

235 776 311 823 Ex
356 776 435 824 his
483 790 607 838 quos
651 777 705 823 in
751 791 952 824 censum
998 775 1250 825 vocandos
1298 790 1402 824 esse
1448 775 1566 822 duxi
1615 776 1831 837 quinque

125 849 316 899 codices
356 851 417 899 H
426 849 777 898 VMatMonLi
820 865 994 898 rursus
1040 850 1094 897 in
1146 849 1270 898 duas
1313 849 1577 898 discedunt
1613 849 1831 897 familias

124 939 337 987 quarum
366 925 506 986 prior
536 923 787 986 codicibus
817 925 879 972 H
885 925 1185 985 VMatMon,
1217 924 1377 972 altera
1418 923 1586 972 codice
1615 923 1685 971 Li
1715 938 1832 971 con-

122 998 324 1046 tinetur.
386 999 502 1047 Mat
548 1000 599 1046 et
636 999 759 1046 Mon
806 1014 864 1046 ex
911 998 1084 1046 eodem
1131 998 1379 1045 fluxerunt
1426 998 1650 1059 exemplo
1698 997 1831 1059 quod

126 1087 239 1120 cum
264 1072 311 1121 V
337 1071 402 1120 ad
429 1073 639 1120 eundem
670 1071 887 1122 codicem
912 1073 1057 1134 redit,
1089 1074 1172 1121 cui
1194 1073 1306 1121 fons
1331 1087 1444 1120 cum
1470 1072 1531 1120 Η
1556 1070 1831 1119 communis

124 1140 292 1211 fuit.¹)

236 1220 664 1287 Necessitudinem
713 1236 840 1283 quae
886 1222 1018 1269 inter
1064 1220 1287 1285 singulos
1334 1219 1524 1270 codices
1566 1219 1830 1268 intercedit

126 1294 219 1343 hoc
250 1295 346 1342 tibi
376 1295 552 1343 reddet
583 1297 792 1343 stemma

757 1449 785 1478 8

184 1463 1787 2005 s<***N'

241 2413 467 2461 Pretium
499 2413 728 2462 criticum
758 2415 1027 2476 utriusque
1058 2414 1280 2462 familiae
1312 2415 1413 2463 fere
1435 2430 1530 2477 par
1552 2416 1641 2462 est.
1687 2413 1832 2475 Nam,

132 2489 190 2535 ut
219 2487 320 2535 iam
354 2502 503 2550 supra
535 2487 652 2549 dixi,
684 2488 818 2536 haud
849 2503 963 2536 raro
994 2487 1063 2537 Li
1096 2488 1229 2537 solus
1272 2488 1534 2536 lectionem
1566 2488 1832 2551 genuinam

133 2563 363 2610 servavit.
429 2560 498 2609 cf.
531 2577 579 2623 p.
609 2563 844 2625 297‚15;
879 2562 1114 2624 298,10;
1156 2563 1353 2625 306,9;
1395 2563 1593 2624 307,5;
1635 2562 1831 2625 308‚8;

135 2635 333 2696 311‚6;
368 2636 563 2696 312,3;
599 2636 772 2699 313,8
807 2638 858 2684 et
891 2637 947 2698 93
982 2637 1171 2699 314‚2.

237 2708 357 2757 Tres
399 2710 534 2757 locos
559 2724 716 2771 aeque
739 2712 890 2773 atque
922 2710 975 2757 in
998 2710 1050 2758 II
1074 2710 1134 2758 de
1160 2709 1377 2759 Socratis
1402 2702 1652 2775 silentio&
1670 2708 1829 2757 decla-

245 2865 289 2921 1)
320 2863 387 2908 cf.
421 2877 563 2922 supra
592 2879 636 2921 p.
663 2869 703 2908 ὃ.

243 2924 289 2979 2)
321 2920 388 2967 cf.
421 2925 455 2968 t.
479 2924 522 2968 V
553 2938 596 2980 p.
625 2928 723 2968 125.
