2010 3168
105 587 128 619 ὗ

87 1030 130 1063 10

86 1474 130 1506 15

86 1918 135 1949 20

156 75 262 127 170
620 74 848 119 LIBANII
876 73 1266 120 DECLAMATIO
1298 73 1406 118 XVI

150 211 281 264 οὔτε
335 210 561 279 φεύγων
615 210 784 273 ἁλοὺς
838 209 1024 273 οὐδεὶς
1075 208 1334 281 ᾐτιάσατο
1388 211 1455 263 τὰ
1513 208 1840 279 ἐγνωσμένα.

148 297 242 352 καὶ
283 301 336 352 οῖ
375 296 477 368 μὲν
523 297 669 352 ἑλεῖν
715 299 782 353 οὐ
830 298 1169 368 δυνηθέντες
1216 308 1521 367 σιωπῶσιν,
1573 294 1735 361 οὗτος
1781 299 1842 352 δὲ

152 386 289 458 ὑπὲρ
323 383 401 440 ὧν
433 387 608 456 ἕτεροι
641 387 987 458 γραψάμενοί
1015 407 1081 456 με
1112 386 1355 455 ἡττῶντο
1386 387 1694 456 ἀγανακτεῖ.
1732 389 1841 456 καί,

153 478 227 539 ὡς
273 479 441 544 ἔοικε,
492 477 618 529 θεοὶ
671 474 773 545 μὲν
826 475 1156 545 ἡττηθέντες
1209 475 1466 545 ἔστερξαν
1512 476 1706 529 αὐτίκα
1746 477 1843 539 τὰς

154 567 399 634 ψήφους,
440 566 680 637 Κεφάλῳ
729 562 790 618 δὲ
837 567 988 637 μόνω
1041 566 1252 618 δοκεῖτε
1297 565 1363 618 τὰ
1410 565 1595 618 δίκαια
1641 567 1714 634 μὴ
1763 566 1843 618 δι-

153 654 333 722 αιρεῖν
371 653 626 723 ἀκριβῶς,
665 654 770 707 κᾶν
808 656 880 723 μὴ
922 655 1060 707 δῶτε
1099 655 1200 722 τὴν
1239 654 1455 722 δωρεὰν
1494 653 1551 706 ἐκ
1591 655 1843 723 δικαστη-

150 745 296 812 ρίου,
336 741 509 812 φησὶν
547 743 688 809 ὑμᾶς
727 743 967 807 δικάζειν
1005 752 1196 805 κακῶς.
1235 742 1322 795 43.
1355 743 1403 795 εἰ
1430 739 1532 812 μὲν
1570 738 1673 796 οὖν
1704 741 1842 806 ἅπαξ

151 831 184 900 ἢ
227 831 314 894 δὶς
352 829 624 900 ἐξέφυγον
669 833 735 885 τὰ
775 830 1107 901 ἐγκλήματα,
1157 830 1432 900 ὑπενόησέ
1473 851 1556 894 τις
1593 830 1734 900 <ὀὶν>
1773 832 1845 894 ὡς

153 920 435 988 ὑπῆλθον,
476 921 549 982 ὡς
589 918 912 988 ἐφενάκισα,
954 921 1027 983 ὡς
1066 919 1196 991 ἐλέῳ
1243 919 1547 987 κατέλαβον
1593 922 1725 983 τοὺς
1764 921 1845 973 δι-

155 1010 373 1071 καστάς·
415 1011 466 1061 εἰ
504 1007 581 1075 δέ,
621 1009 827 1078 ὁσαχοῦ
866 1008 1132 1079 κέκριμαι,
1172 1016 1455 1078 πανταχοῦ
1494 1009 1583 1061 καὶ
1623 1008 1845 1062 ἑκαστα-

154 1105 254 1167 χοῦ
302 1107 461 1165 νικῶ,
507 1098 728 1167 καθαρὰ
780 1106 875 1166 τῆς
922 1097 1117 1167 ἀρετῆς
1154 1098 1187 1166 ἡ
1227 1099 1420 1167 κρίσις.
1467 1099 1545 1160 εἰς
1590 1098 1692 1165 μὲν
1739 1099 1843 1166 γὰρ

155 1184 294 1249 ἅπαξ
333 1185 423 1238 καὶ
469 1184 596 1255 παρ’
642 1185 740 1252 ἕνα
786 1187 981 1257 καιρὸν
1029 1188 1259 1256 ἰσχυρὸν
1304 1186 1479 1254 ἀπάτη
1526 1187 1617 1240 καὶ
1667 1186 1854 1257 τέχνῃ.

156 1274 184 1328 ὁ
226 1277 423 1344 χρόνος
456 1275 517 1327 δὲ
549 1282 711 1346 φωρᾷ
747 1277 849 1344 τὴν
889 1275 1172 1344 ἀλήθειαν.
1210 1273 1302 1328 καὶ
1342 1273 1463 1328 οὐδ’
1510 1274 1588 1327 ἂν·
1618 1277 1677 1328 οἱ
1710 1276 1847 1328 πάν-

155 1384 265 1417 των
303 1363 663 1432 ἀνοητότατοι
703 1365 789 1427 δὶς
827 1363 952 1432 περὶ
991 1365 1091 1417 τὸν
1131 1364 1320 1431 αὐτόν,
1365 1364 1466 1433 οὐχ
1506 1364 1651 1427 ὅπως
1696 1363 1846 1433 Άθη-

158 1461 327 1520 ναῖοι,
367 1457 645 1521 σφαλῆναι
685 1451 934 1506 δύναιντ’
981 1454 1074 1521 ἄν,
1123 1453 1243 1522 ἐμοὶ
1290 1450 1349 1505 δὲ
1394 1451 1485 1506 καὶ
1537 1455 1847 1521 φιλονεικό-

155 1560 317 1608 τερον
355 1540 768 1611 προσεφέροντο
800 1548 876 1613 τῷ
914 1542 1179 1604 πολλάκις
1215 1542 1320 1610 ἤδη
1349 1540 1754 1611 κεκρατηκέναι,
1795 1543 1848 1595 οὶ

156 1632 449 1699 κατήγοροι
510 1627 611 1697 μὲν
672 1629 1052 1700 ἀναμάχεσθαι
1112 1631 1442 1700 πειρώμενοι
1503 1631 1591 1683 καὶ
1653 1632 1849 1699 μόνος

160 1716 410 1786 λέγοντες
448 1718 610 1787 ἡμᾶς
649 1714 840 1781 οὗτος
880 1717 978 1771 ἀεὶ
1019 1718 1465 1787 διαφεύξεταις
1506 1720 1559 1772 οἱ
1596 1717 1849 1772 δικασταὶ

159 1806 221 1859 δὲ
278 1806 747 1876 παρατεταγμένοι
809 1808 948 1875 πρὸς
1016 1810 1145 1870 τοὺς
1214 1809 1416 1876 λόγους
1483 1809 1614 1870 τοὺς
1683 1806 1851 1877 ἐμοὺς

160 1895 247 1947 καὶ
309 1894 495 1965 μέχρι
564 1899 745 1958 τίνος
801 1903 1042 1949 τοῦτον
1105 1895 1463 1965 ἀφήσομεν;
1526 1894 1646 1948 ἀλλ’
1717 1893 1850 1949 οὐδὲ

161 1984 322 2036 σκιὰν
384 1980 550 2052 εὗρον
605 1985 781 2046 αἰτίας
837 1985 914 2046 εἰς
970 1983 1076 2053 ἐμέ.
1146 1984 1233 2037 44.
1287 1986 1434 2037 πάνυ
1498 1992 1639 2052 γοῦν
1695 1983 1850 2053 εὐμε-

159 2075 488 2141 ταχείριστοι
552 2074 690 2142 πρὸς
743 2072 957 2141 ἀπάτην
1007 2071 1309 2141 Ἀθηναῖοι.
1369 2073 1688 2126 ΝΙιλτιάδου
1748 2069 1850 2141 μὲν

161 2161 263 2214 οὐκ
309 2159 611 2230 ἐφείσασθε
657 2169 757 2215 τοῦ
803 2162 905 2229 τὴν
951 2159 1012 2214 ἐν
1053 2165 1370 2230 Μαραθῶνι
1415 2162 1594 2230 μάχην
1635 2180 1851 2228 νενικη-

160 2251 319 2312 κότος
373 2249 574 2318 ἀνδρὸς
626 2248 788 2319 <καὶ>
845 2250 1097 2312 δουλείας
1151 2235 1436 2319 Μηδικῆς
1468 2251 1570 2318 τὴν
1615 2248 1851 2302 Ἑλλάδα

281 2398 307 2436 4
341 2393 397 2437 cf.
429 2409 475 2450 p.
502 2399 600 2448 134,
620 2399 671 2438 11
797 2399 851 2438 10
892 2395 1021 2438 Dem.
1055 2410 1100 2450 p.
1127 2399 1227 2450 682,
1249 2400 1301 2438 12
1427 2400 1477 2437 11
1521 2394 1578 2438 cf.
1612 2410 1656 2451 p.
1685 2398 1850 2449 173‚8;

107 2443 116 2451 ”
163 2456 194 2496 t.
220 2452 281 2495 IV
311 2458 454 2507 133‚4
577 2458 631 2497 22
666 2454 722 2498 ef.
756 2470 800 2510 p.
830 2459 971 2509 126‚2

282 2591 309 2629 4
342 2584 443 2630 ὅσοι
473 2585 687 2629 Herblein
720 2589 769 2631 at
801 2586 857 2630 cf.
883 2602 929 2642 p.
957 2591 1055 2641 134,
1075 2591 1127 2629 11
1259 2591 1281 2629 7
1307 2586 1429 2642 ἡμᾶς
1453 2587 1499 2630 Ρ
1629 2590 1655 2629 8
1688 2582 1749 2629 ἂν
1780 2585 1851 2628 in—

157 2645 288 2688 serui
364 2659 438 2688 om
474 2647 611 2690 MaP
752 2650 804 2688 13
848 2647 899 2689 δὲ
939 2649 1074 2706 φωρᾷ
1115 2644 1281 2701 scripsi
1324 2647 1511 2689 auctore
1551 2644 1723 2688 Cobeto
1800 2641 1847 2687 δ’

167 2704 314 2758 ἐφορᾶ
340 2704 479 2748 ΜαΡ
610 2709 663 2747 15
697 2705 768 2762 δὲ]
800 2705 883 2760 μὲν
915 2704 1001 2761 γὰρ
1028 2706 1115 2748 Μα
1261 2709 1314 2747 16
1346 2705 1426 2747 καὶ
1458 2705 1566 2747 ante
1591 2702 1636 2747 οἱ
1662 2703 1797 2748 ΜαΡ

168 2761 318 2806 delevi
350 2777 454 2806 cum
484 2762 695 2806 Hertlino
833 2767 889 2807 20
920 2762 1127 2819 λέγοντες
1158 2765 1263 2819 post
1294 2763 1374 2806 καὶ
1406 2762 1517 2806 olim
1551 2762 1739 2816 inserui,
1772 2775 1850 2805 ex-

167 2820 435 2877 pellendum
467 2822 647 2865 censuit
669 2822 907 2866 Hertlinus
934 2822 991 2866 cf.
1019 2837 1064 2878 p.
1093 2827 1189 2876 123,
1209 2827 1255 2876 ὃς
1291 2827 1389 2876 172,
1410 2826 1461 2865 17
1583 2825 1639 2864 24
1670 2822 1750 2864 καὶ
1781 2821 1852 2864 in-

158 2880 289 2923 serui
351 2894 426 2924 om
452 2881 588 2924 MaP
