2010 3168
432 143 713 188 PARASITI
744 143 906 188 CENA
938 143 1248 188 FRAUDATI
1278 143 1502 188 ORATIO
1713 143 1820 196 571

245 285 554 334 Declamatio
585 286 638 332 in
669 285 828 333 lucem
853 286 1108 347 protracta
1140 287 1214 333 est
1238 301 1268 332 a
1292 284 1422 333 Fed.
1448 285 1498 332 M
1507 285 1696 333 orello
1723 283 1823 332 edi-

133 360 268 408 tione
293 359 438 407 hodie
462 358 716 408 rarissima
728 353 770 426 1)
796 354 891 426 (=
908 353 1064 425 Mors)
1089 374 1217 420 quae
1250 359 1381 406 hunc
1412 358 1562 407 habet
1591 359 1822 407 titulum:

134 432 420 498 ,,Λιβανίου
453 439 691 494 σοφιστοῦ
722 431 987 498 παράσιτος
1017 430 1092 481 ἐπὶ
1127 432 1330 481 δεῖπνον
1360 432 1577 496 κληθείς.
1616 433 1823 481 Isibam'i

131 509 372 569 sophistae
406 509 666 567 parasitus
711 508 768 555 ob
813 521 1009 555 coenam
1054 509 1260 555 occisam
1297 520 1348 554 se
1387 509 1551 566 ipsum
1589 508 1821 567 deferens.

130 582 215 630 Ex
245 582 542 629 Bibliotheca
573 581 742 642 Βορέα.
788 581 1057 640 Interprete
1085 581 1206 629 Fed.
1231 581 1439 629 Morello
1462 582 1672 640 Profess.
1704 581 1822 641 Rey.

130 656 369 710 Lutetiae,
394 654 547 715 Apud
574 654 837 703 Claudiam
858 655 1138 711 Morellum,
1168 656 1250 703 via
1271 655 1516 703 Iacobaea
1547 657 1613 703 ad
1634 656 1824 715 insigne

130 725 733 778 Fontis.010.100.1.
799 728 922 777 Cum
958 729 1216 790 privileyio
1262 730 1411 789 Reqis
1460 729 1790 778 Christian-iss.
1794 731 1823 751 “

131 804 340 851 Textum
361 797 431 869 (p.
453 805 557 852 3-
566 797 657 869 14)
682 803 909 865 sequitur
931 803 1177 851 dedicatio
1194 803 1372 851 Iacobo
1392 802 1629 851 Gueslaeo
1650 803 1822 863 Ooyni-

43 892 47 896 ·
130 879 223 925 tori
260 878 414 961 Reqio
451 881 495 926 et
529 879 662 926 sacri
703 877 987 926 Consistorii
1023 877 1246 925 Senatori
1285 877 1422 926 facta
1465 871 1535 944 (p.
1564 871 1822 942 15—16),

128 951 257 1000 hanc
288 952 449 1000 versio
480 952 640 1000 latina
674 950 742 1017 (p.
771 945 1011 1015 17—24)
1044 953 1183 999 cuius
1214 952 1267 999 in
1298 951 1523 1015 margine
1554 951 1821 1000 nonnullae

129 1026 497 1074 emendationes
528 1027 693 1074 textus
733 1025 899 1088 graeci
937 1027 1183 1088 notaeque
1222 1024 1424 1074 criticae
1462 1028 1655 1087 positae
1691 1028 1821 1074 sunt.

129 1100 170 1147 Ε
203 1099 362 1163 Regia
391 1100 691 1148 bibliotheca
722 1115 772 1148 se
805 1115 914 1147 eam
944 1099 1244 1162 protraxisse
1266 1099 1501 1148 Morellus
1532 1116 1631 1147 non
1662 1099 1821 1147 solum

127 1175 280 1222 titulo
320 1174 404 1222 sed
444 1176 596 1222 etiam
641 1173 773 1222 hisce
813 1173 1139 1222 dedicationis
1176 1173 1341 1222 verbis
1386 1173 1669 1236 profitetur:
1714 1174 1822 1230 „Ne

120 1249 333 1309 patiare,
377 1249 464 1297 Vir
495 1249 682 1296 clariss.
714 1252 769 1295 ut
805 1262 944 1308 quem
975 1263 999 1296 e
1033 1247 1266 1303 Graecia,
1298 1248 1442 1309 Regii
1475 1247 1821 1309 Gazophylaeii

128 1337 229 1382 ope,
267 1324 322 1370 in
353 1322 559 1371 Latium
590 1322 930 1370 transtulimus
959 1324 1107 1370 lateat
1136 1326 1179 1370 et
1207 1322 1435 1370 Lethaeis
1470 1323 1675 1370 tenebris
1709 1321 1822 1370 Orci

126 1397 422 1444 devoretur-‘C
485 1396 558 1444 Ac
590 1396 968 1444 fundamentum
993 1395 1192 1458 quidem
1214 1398 1378 1443 textus
1411 1395 1456 1444 ei
1486 1396 1731 1459 praebuit,
1761 1398 1821 1444 ut

129 1486 241 1518 cum
275 1486 300 1517 e
333 1470 669 1533 singularibus
701 1470 996 1518 lectionibus
1027 1473 1135 1518 tum
1168 1487 1193 1517 e
1224 1470 1416 1518 lacunis
1450 1473 1672 1532 apparet,
1704 1486 1823 1532 apo-

126 1544 374 1608 graphum
421 1545 602 1593 codicis
649 1544 868 1592 Parisini
913 1561 984 1607 gr.
1020 1545 1162 1592 2998
1197 1537 1293 1610 (=
1316 1538 1384 1610 P)
1398 1538 1463 1610 2),
1509 1560 1681 1592 verum
1720 1560 1820 1592 non

127 1619 342 1667 unicum.
414 1619 545 1666 Nam
591 1619 847 1679 nonnulla,
888 1621 949 1666 ut
979 1635 1027 1680 p.
1067 1619 1194 1678 583,
1222 1619 1252 1667 8
1302 1616 1510 1677 ἑστίασις
1555 1616 1690 1682 ἑτέρα
1731 1624 1820 1667 τοῦ

126 1691 429 1755 κεκληκότος,
461 1692 611 1741 habet
642 1708 768 1755 quae
801 1692 852 1739 in
882 1693 976 1741 hoc
1007 1692 1205 1753 desunt,
1238 1692 1299 1740 ab
1332 1692 1439 1754 ipso
1478 1707 1594 1740 vero
1627 1694 1818 1756 excogi-

126 1766 224 1814 tari
256 1782 354 1814 non
384 1769 659 1829 potuerunt
698 1766 783 1815 sed
816 1783 874 1814 ex
913 1767 1013 1814 alio
1046 1766 1211 1815 codice
1244 1769 1444 1828 sumpta
1475 1768 1601 1814 sunt.
1665 1765 1819 1822 Quem

127 1857 230 1888 non
262 1841 415 1888 alium
447 1842 546 1888 nisi
577 1857 724 1903 quem
763 1841 914 1889 etiam
951 1840 1005 1888 in
1043 1841 1291 1903 plerisque
1330 1841 1535 1902 reliquis
1575 1840 1818 1889 declama-

126 1914 348 1963 tionibus
381 1914 623 1975 adhibuit,
654 1914 707 1962 id
739 1917 814 1962 est
836 1914 1118 1962 Parisinum
1142 1932 1213 1978 gr.
1241 1916 1401 1974 3014,
1425 1914 1574 1963 fuisse
1605 1915 1817 1962 maxime

126 1988 394 2037 verisimile
427 1991 514 2036 est.
579 1987 649 2039 Cf.
684 2005 835 2050 supra
866 2006 913 2051 p.
941 1990 1061 2038 509.

237 2062 379 2110 Hanc
412 2063 679 2111 editionem
708 2063 879 2124 paucis
910 2063 963 2110 in
994 2065 1134 2111 textu
1166 2078 1359 2127 graeco,
1391 2063 1542 2110 etiam
1574 2063 1818 2124 pauciori-

125 2136 216 2184 bus
248 2136 299 2183 in
331 2137 555 2184 versione
587 2137 747 2185 latina
776 2138 984 2185 mutatis
1015 2137 1250 2185 Morellus
1282 2137 1499 2199 quinque
1532 2136 1672 2185 annis
1703 2139 1819 2198 post

127 2209 301 2258 Liban.
335 2226 447 2272 opp.
479 2211 575 2258 vol.
599 2210 625 2258 I
656 2228 701 2273 p.
729 2211 1019 2259 315—322
1056 2205 1150 2276 (=
1174 2205 1328 2276 M0r2)
1362 2210 1611 2273 repetivit,
1649 2209 1733 2258 sed
1763 2212 1817 2258 in

127 2280 341 2332 ‘Notatis
378 2284 445 2332 ad
473 2280 763 2333 Mbamtum’
803 2284 1011 2332 editioni
1040 2284 1324 2347 praemissis
1355 2285 1388 2333 f.
1414 2284 1542 2331 IIIIv
1575 2284 1818 2332 nonnulla

126 2373 184 2404 ex
215 2358 303 2406 illo
335 2359 461 2419 „alio
497 2357 666 2407 Codice
703 2354 884 2419 Βεεζᾳὶοιι
916 2361 1139 2406 correxit.
1151 2352 1195 2425 3)

236 2431 382 2479 Hunc
410 2434 602 2480 textum
624 2432 768 2480 valde
792 2432 1079 2481 mendosum
1112 2448 1223 2481 cum
1255 2448 1346 2494 ope
1373 2431 1556 2480 codicis
1579 2431 1818 2479 Bavarici

125 2505 178 2552 id
217 2508 291 2553 est
330 2506 638 2554 Monacensis
678 2523 748 2570 gr.
776 2507 866 2569 96,
909 2523 1054 2568 quem
1091 2523 1115 2553 e
1157 2506 1323 2554 codice
1369 2506 1547 2568 prioris
1594 2505 1816 2554 familiae

124 2579 323 2627 fluxisse
356 2594 505 2640 supra
536 2579 661 2642 dixi,
691 2583 801 2628 tum
834 2596 890 2628 ex
921 2580 1119 2643 ingenio
1152 2579 1432 2628 Reiskius
1465 2573 1560 2645 (=
1586 2571 1680 2640 Re)
1713 2595 1816 2627 cor-

248 2722 290 2775 1)
323 2718 440 2762 Mihi
478 2719 570 2775 ipsi
609 2719 861 2775 aliquando
900 2722 956 2763 ut
994 2720 1233 2777 exemplar
1272 2719 1559 2775 acquirerem
1599 2718 1814 2776 contigit.

246 2782 290 2834 2)
323 2778 413 2822 Sed
445 2792 550 2821 cum
581 2778 789 2823 codicem
820 2779 915 2823 iam
946 2781 1046 2822 tum
1071 2780 1270 2837 Regium
1301 2779 1444 2822 fuisse
1476 2778 1607 2833 dicit,
1638 2791 1815 2822 errasse

126 2837 322 2880 videtur.
387 2836 454 2881 Cf.
487 2851 573 2894 sup
575 2850 627 2881 ra
658 2853 702 2894 p.
732 2843 814 2882 112
849 2842 896 2882 et
928 2842 1026 2883 373.

247 2898 289 2952 3)
323 2895 535 2952 Simplici
542 2852 841 2954 pcompendio
875 2899 986 2943 Mor
1015 2910 1288 2940 consensum
1320 2896 1562 2951 utriusque
1594 2894 1815 2940 editionis

126 2954 398 3012 significavi.
