2010 3168
191 87 302 138 440
657 85 885 130 LIBANII
913 85 1301 130 DECLAMATIO
1333 86 1482 130 XXIV

104 239 187 278 245
215 228 281 274 87
301 225 627 274 bibliothecae
660 226 973 274 seminarii
991 225 1277 274 Patavini
1305 226 1561 275 chartaceo
1587 227 1771 275 saeculi
1786 227 1878 274 XV

193 302 352 348 exstat
375 299 635 362 inscripta:
667 301 899 360 Defensio
924 298 1214 348 Archidami
1237 301 1614 349 Lacedaemonii
1627 316 1722 362 per
1746 303 1878 350 bene-

191 376 370 422 dictum
394 375 593 422 bursam
616 375 670 421 in
693 375 900 423 latinum
924 390 1063 423 versa
1088 377 1138 422 et
1161 375 1358 422 nomine
1381 376 1665 437 interpretis
1682 377 1825 438 priva
1834 369 1878 442 l)

192 465 217 496 e
242 449 396 496 latere
418 450 580 496 textus
605 450 770 512 graeci
792 448 956 510 posita
979 450 1032 496 in
1049 448 1294 496 Vaticano
1319 465 1495 513 graeco
1524 451 1663 497 1392
1691 450 1774 498 fol.
1796 450 1878 498 94.

302 522 619 570 Prooemium
650 523 743 570 hoc
775 524 850 570 est
861 516 926 589 ς*’);

301 595 453 657 Apud
492 597 836 645 lacedemonios
876 600 978 645 erat
1021 598 1116 653 lex,
1154 612 1214 645 ne
1253 598 1362 656 quis
1400 599 1762 645 concionaretur
1799 599 1882 658 qui

191 672 324 719 intra
355 672 557 719 tricenos
589 685 744 719 annos
769 674 898 720 esset.
951 671 1168 718 Thebani
1189 674 1509 732 posteaquam
1537 672 1881 720 lacedemonios

192 747 408 793 vicerant
436 747 491 793 in
521 745 718 801 leuctra,
749 747 985 793 miserunt
1013 746 1213 806 leontos,
1253 747 1336 804 qui
1373 747 1678 794 minarentur
1710 746 1882 794 bellum

192 821 342 875 victis,
373 820 471 867 nisi
501 833 752 867 mesanam
783 820 1073 867 dimitterent
1102 820 1318 876 liberam,
1350 822 1405 866 ut
1425 821 1532 880 ipsa
1556 822 1659 867 suis
1685 821 1882 881 legibus,

191 909 290 942 non
329 893 502 941 alienis
526 895 742 941 iussibus
762 896 974 954 pareret.
1023 893 1158 953 Eryo
1180 909 1275 954 per
1298 893 1642 942 lacedemonios
1666 894 1883 942 adhibita

195 969 536 1016 consultatione
569 983 678 1015 cum
707 969 847 1015 multi
879 968 1091 1016 dicerent
1120 971 1334 1028 oportere
1357 969 1590 1016 dimittere
1613 982 1881 1024 mesanam,

193 1040 524 1090 Archidamus
556 1044 638 1101 qui
671 1044 817 1090 etiam
849 1045 950 1089 tum
987 1043 1177 1090 iuvenis
1217 1045 1341 1098 erat,
1379 1044 1586 1099 monuit,
1626 1046 1681 1090 ut
1710 1042 1884 1091 bellum

186 1118 352 1178 potius
373 1118 711 1177 susciperetur.
751 1117 926 1175 Itaque
946 1118 1208 1176 persuasit.
1241 1117 1502 1176 suscipitur
1525 1117 1713 1165 bellum.
1736 1131 1883 1176 prae—

195 1192 316 1239 lium
347 1192 666 1239 committitur.
700 1192 1018 1238 consternatio
1051 1193 1094 1238 et
1122 1191 1244 1252 fuya
1273 1191 1480 1238 hostium
1490 1183 1549 1257 3),
1578 1192 1664 1239 hoc
1694 1195 1762 1239 est
1790 1192 1883 1239 the-

196 1267 456 1325 banorum,
495 1266 628 1324 facta
667 1268 745 1312 est.
807 1265 923 1312 Post
962 1280 1067 1313 eam
1106 1267 1358 1312 victoriam
1387 1263 1716 1313 Archidamus
1748 1281 1885 1313 accu-

194 1343 331 1387 satus
354 1342 587 1399 tanquam
600 1340 939 1398 prevaricator
955 1340 1071 1400 leyis
1093 1335 1265 1387 habuit
1288 1339 1612 1400 defensionem
1634 1341 1883 1400 eyreqiam.

196 1429 343 1474 quam
382 1428 462 1474 eqo
503 1429 611 1461 cum
648 1414 770 1472 forte
807 1415 862 1461 in
899 1413 1190 1474 quibusdam
1223 1415 1379 1473 yrecis
1417 1414 1715 1461 orationibus
1756 1429 1885 1474 repe-

197 1489 380 1544 rissem,
413 1488 686 1535 admiratus
714 1488 1001 1548 yravitatem
1024 1501 1266 1535 summam
1290 1490 1332 1535 et
1354 1488 1544 1536 homine
1567 1488 1885 1536 lacedemonio

197 1563 395 1623 diynam
425 1562 897 1623 maynitudinemque
937 1575 1042 1609 eam
1081 1562 1330 1609 traducere
1362 1575 1385 1608 e
1413 1576 1549 1622 yreco
1588 1563 1642 1609 in
1680 1562 1886 1610 latinum

196 1638 359 1699 statui,
382 1638 674 1696 praesertim
704 1650 813 1683 cum
843 1637 1053 1693 viderem
1085 1651 1190 1683 eam
1213 1636 1477 1683 orationem
1498 1650 1596 1683 non
1627 1635 1887 1684 admodum

198 1711 491 1759 laboriosam
529 1712 632 1770 fore
679 1710 800 1757 mihi
844 1711 1114 1758 traducenti
1159 1713 1260 1756 tum
1296 1713 1496 1770 propter
1541 1710 1887 1758 brevitudincm

198 1786 290 1841 sui,
322 1788 422 1832 tum
445 1785 646 1845 propter
683 1798 841 1832 meam
877 1785 933 1832 in
972 1799 1022 1832 eo
1062 1798 1199 1844 opere
1237 1783 1596 1845 intelligentiam
1635 1785 1887 1832 verborum

198 1860 360 1906 minus
392 1859 653 1918 difficilem.
685 1859 810 1905 hanc
840 1859 989 1918 icitur
1019 1859 1089 1906 ita
1113 1873 1145 1905 a
1168 1873 1242 1905 mc
1272 1859 1545 1906 traductam
1577 1851 1716 1925 tibi4)
1740 1860 1886 1914 mitto,

199 1948 384 1980 summo
413 1933 744 1980 doctrinarum
777 1934 991 1980 omnium
1006 1934 1311 1992 praeceptori
1335 1947 1392 1980 ac
1413 1934 1664 1991 utriusque
1695 1933 1888 1993 linquae

200 2008 331 2055 claro
363 2007 537 2054 lumini
577 2009 619 2053 et
656 2009 955 2062 ornamentO,
996 2008 1051 2053 ut
1087 2007 1170 2066 qui
1207 2007 1439 2066 opuscula
1477 2009 1520 2055 et
1558 2007 1739 2067 scripta
1780 2021 1887 2054 mea

199 2095 298 2129 non
328 2082 467 2128 modo
499 2080 651 2141 leyere
681 2082 765 2128 sed
797 2083 840 2128 et
870 2080 1077 2128 laudare
1109 2081 1345 2140 diynaris,
1376 2082 1503 2128 idem
1534 2080 1664 2140 leyas
1695 2081 1886 2128 traduc-

201 2156 374 2203 tionem
403 2155 529 2202 hanc
560 2155 732 2213 desque
764 2157 900 2202 tuum
922 2155 1172 2211 iudicium,
1203 2157 1367 2201 utrum
1391 2155 1610 2215 deinceps
1641 2155 1888 2202 elaborare

323 2311 365 2366 1)
398 2309 529 2362 Quod
574 2309 840 2353 coniectura
881 2311 914 2353 t.
939 2309 981 2352 V
1019 2325 1064 2366 p.
1092 2313 1174 2353 297
1215 2311 1309 2353 not.
1344 2314 1369 2352 3
1415 2310 1472 2353 de
1515 2309 1662 2353 Bursa
1702 2309 1888 2365 prolata

202 2383 360 2413 verum
391 2382 465 2412 me
499 2371 763 2412 assecutum
795 2383 893 2412 esse
926 2368 1078 2412 dicere
1103 2382 1235 2423 queo,
1268 2367 1317 2412 id
1349 2368 1700 2413 benevolentiae
1725 2369 1885 2413 Franc.

203 2429 315 2472 Xav.
357 2427 565 2484 Seppelti
605 2427 750 2471 debeo
791 2427 871 2483 qui
911 2428 1233 2485 apographum
1272 2427 1398 2471 initii
1437 2428 1657 2472 versionis
1701 2441 1757 2471 ex
1799 2428 1887 2471 hoc

205 2487 363 2531 codice
395 2486 510 2530 mihi
542 2486 667 2530 fecit.

325 2549 367 2603 2)
407 2545 614 2589 Primum
661 2558 717 2588 ex
763 2545 1033 2601 apographo
1081 2544 1253 2588 codicis
1299 2545 1515 2588 Patavini
1561 2558 1590 2588 a
1635 2544 1885 2589 Corradino

206 2605 329 2649 facto
362 2604 538 2661 publici
569 2604 683 2648 iuris
714 2603 805 2648 feci
838 2604 887 2647 F
885 2618 1009 2648 ranc.
1043 2604 1332 2649 Zambeccari
1360 2619 1404 2661 p.
1433 2609 1516 2648 326
1536 2619 1601 2660 sq.

325 2666 366 2719 3)
392 2663 546 2719 Usque
571 2663 630 2706 ad
654 2663 742 2707 hoc
758 2663 1035 2706 vocabulum
1052 2662 1306 2706 Vaticanus
1331 2677 1434 2707 cum
1451 2662 1677 2707 Patavino
1701 2677 1886 2719 prorsus

208 2723 452 2767 consentit.
500 2722 699 2778 Reliqua
729 2737 822 2765 una
854 2736 958 2765 cum
988 2721 1255 2777 protheoria
1287 2723 1455 2766 desunt
1486 2722 1638 2778 spatio
1663 2727 1719 2765 20
1743 2721 1888 2765 linea-

206 2797 307 2825 rum
338 2795 481 2825 vacuo
512 2781 689 2836 relicto,
722 2794 842 2836 quae
872 2794 944 2824 res
977 2781 1102 2837 cogit
1132 2783 1185 2823 ut
1217 2781 1274 2824 de
1306 2781 1575 2838 apographo
1600 2781 1678 2837 agi
1711 2782 1887 2824 statua·

207 2855 321 2884 mus.
378 2840 539 2884 Versio
571 2854 678 2884 vero
711 2839 1063 2897 declamationis
1095 2839 1241 2896 ipsius
1273 2840 1457 2897 integra
1489 2842 1571 2884 est.

326 2901 369 2955 4)
403 2899 707 2943 Guarinum
740 2899 1116 2944 Veronensem
1149 2899 1378 2957 appellari
1410 2898 1697 2945 crediderim.
