2010 3168
0 2950 7 3168 -.-—-<-vv
0 2886 2 2894 ⁷

294 132 722 179 DEMOSTHENIS
754 131 1016 177 MORTEM
1046 130 1341 186 PETENTIS
1375 131 1598 176 ORATIO
1699 131 1807 185 285

111 291 180 338 με
222 274 541 338 ,τελευτῆσαι
588 267 819 337 συνέβη,
874 266 1013 336 μέγα
1058 266 1128 320 ἂν
1182 263 1252 335 ἧν
1306 266 1510 340 ἐκείνω.
1565 265 1655 320 καὶ
1700 275 1809 321 νῦν

111 357 216 427 μὲν
255 358 514 426 ἐπιθυμεῖ
552 377 618 427 με
657 358 959 421 κατακόψαι
999 357 1210 425 λαβών,
1256 355 1561 425 ἡσθήσεται
1609 354 1669 409 δὲ
1715 355 1807 410 καὶ

114 454 418 509 τεθνεῶτος
456 449 789 514 πυθόμενος.
828 444 920 499 καὶ
959 446 1064 514 γὰρ
1113 445 1214 514 οὐχ
1262 445 1406 498 οὕτω
1453 454 1567 500 τῶν
1608 447 1808 516 ἔμπρο-

114 542 254 590 σθεν
292 536 365 604 μὴ
406 535 567 604 δίκην
606 533 788 588 ἐθέλει
827 536 1018 603 λαβεῖν
1057 533 1130 597 ὡς
1161 533 1511 603 ἀπηλλάχθαι
1542 535 1680 604 πρὸς
1709 536 1809 588 τὸν

110 623 297 679 ἔπειτα
335 626 539 694 χρόνον
577 631 672 692 τῆς
711 621 840 692 ἐμῆς
878 625 1168 686 πολιτείας.
1218 625 1342 692 τρία
1383 623 1487 692 γὰρ
1527 630 1722 692 ταῦτα,
1763 620 1805 677 ὦ
1854 644 1873 676 ⁶

114 715 313 782 ἄνδρες
344 711 651 781 Ἀθηναῖοι,
691 712 926 781 μάλιστα
971 713 1243 774 Φίλιππος
1283 709 1524 779 δέδοικε,
1563 713 1658 775 τὰς
1695 721 1808 766 τῶν

109 807 265 855 θεῶν
303 799 441 871 ὑπὲρ
480 809 576 869 τῆς
621 803 831 863 πόλεως
877 803 1158 870 μαντείας,
1204 801 1307 869 τὴν
1353 798 1603 870 ἔμφυτον
1651 801 1809 868 ὑμῶν

108 892 250 960 πρὸς
302 893 432 954 τοὺς
484 891 783 953 κινδύνους
838 890 1117 958 ἀνδρείαν,
1167 887 1174 960 Ι
1223 890 1325 958 τὴν
1364 887 1500 958 ἐμὴν
1538 887 1626 943 ἐπὶ
1673 894 1893 939 R1V251

112 987 213 1032 τοῦ
253 981 492 1048 βήματος
529 980 858 1048 παρρησίαν.
899 978 1089 1032 ἀκούει
1125 978 1228 1046 μὲν
1266 979 1372 1048 γὰρ
1404 988 1516 1031 τῶν
1547 988 1808 1049 χρησμῶν

112 1069 285 1122 ἀσκὸν
335 1068 673 1138 ἀβάπτιστον
720 1065 968 1140 ᾀδόντων
1021 1068 1123 1136 τὴν
1168 1069 1359 1136 πόλιν,
1405 1065 1550 1136 ἔγνω
1605 1065 1667 1121 δὲ
1712 1069 1808 1131 τὰς
1832 1088 1875 1122 ιο

111 1156 374 1225 ὑμετέρας
413 1158 610 1227 φύσεις
649 1156 710 1211 ἐν
755 1166 871 1220 τοῖς
915 1164 1147 1210 πεσοῦσι
1192 1160 1394 1225 καλῶς,
1442 1151 1559 1210 οἶδε
1608 1154 1669 1210 δὲ
1706 1158 1808 1226 τὴν

111 1246 250 1316 ἐμὴν
318 1248 641 1317 προθυμίαν
710 1247 812 1299 οὐκ
882 1246 1215 1299 ἐνδιδοῦσαν
1283 1252 1457 1318 καιρῷ
1538 1247 1806 1319 δυσκόλῳ.

112 1336 197 1389 37.
246 1334 460 1404 βούλετ’
518 1331 622 1389 οὖν
667 1355 733 1404 με
779 1336 1048 1388 τεθνάναι
1106 1336 1197 1388 καὶ
1249 1336 1321 1403 μὴ
1381 1336 1483 1404 τὴν
1536 1335 1808 1405 εὐψυχίαν

109 1425 269 1494 ὑμῶν
299 1423 391 1478 καὶ
423 1425 524 1492 τὴν
556 1426 728 1494 τύχην
759 1421 907 1493 ἔχειν
938 1425 998 1478 τὸ
1031 1426 1236 1493 τρίτον,
1269 1425 1370 1493 τὴν
1402 1423 1807 1493 Δημοσθένους

111 1514 362 1581 εὔνοιαν,
415 1521 578 1567 τοῦτο
632 1510 733 1582 μὲν
788 1513 1007 1567 ἀκούων
1058 1512 1426 1582 Θεμιστοκλέα
1472 1514 1661 1583 γνώμῃ
1711 1521 1806 1583 τῆς
1830 1533 1872 1567 15

107 1609 211 1656 τοῦ
264 1604 464 1671 Μήδου
510 1604 857 1671 κρατήσαντα
902 1603 1188 1672 δυνάμεως
1243 1601 1478 1671 ἐκείνης,
1524 1610 1688 1656 τοῦτο
1745 1600 1807 1656 δὲ

116 1693 374 1759 Κόνωνα,
422 1692 601 1758 ἄνδρα
648 1690 898 1760 φυγάδα,
947 1693 1422 1758 Λακεδαιμονίους
1476 1689 1806 1755 ἐξελάσαντα

110 1789 205 1848 τῆς
250 1780 551 1848 θαλάσσης.
599 1779 808 1833 οὐκοῦν
854 1779 883 1833 ὃ
932 1778 1104 1848 ἐζήτει
1157 1780 1418 1848 μάλιστα,
1472 1788 1637 1834 τοῦτο
1684 1779 1805 1845 ἕξει.

109 1868 480 1937 Δημοσθένης
519 1868 737 1937 οἴχεται.
779 1870 827 1922 εἰ
866 1867 918 1921 δ’
959 1869 1026 1923 οὐ
1067 1868 1213 1937 ξίφει
1247 1870 1632 1941 Μακεδονικῷ,
1670 1870 1806 1922 κατὰ

229 2004 254 2042 2
300 1999 357 2043 cf.
389 2014 434 2056 p.
463 2004 562 2054 296,
582 2005 636 2043 14
654 2014 721 2056 sq.
868 2004 891 2042 7
932 2000 1063 2044 Dem.
1097 2000 1198 2044 fals.
1231 2000 1319 2058 leg.
1355 2015 1399 2056 p.
1426 2005 1527 2054 436,
1543 2004 1598 2043 20
1616 2014 1683 2056 sq.

114 2063 167 2101 10
209 2058 342 2103 Orac.
383 2058 477 2102 Sib.
519 2059 646 2115 apud
685 2058 806 2104 Plut.
848 2059 984 2103 Thes,
1011 2064 1147 2112 24‚5.
1193 2060 1250 2103 cf.
1284 2075 1328 2116 p.
1360 2064 1536 2116 335‚1o
1554 2073 1620 2115 sq.
1667 2059 1803 2104 Pind.

109 2117 246 2174 Pyth.
271 2118 313 2161 H
339 2123 423 2162 146
570 2124 625 2162 14
665 2118 794 2162 Dem.
831 2118 900 2162 Ol.
924 2118 968 2162 11
998 2134 1043 2175 p.
1070 2123 1141 2173 24,
1162 2123 1215 2164 18
1234 2133 1301 2175 sq.
1460 2124 1513 2163 15
1547 2118 1676 2163 Dem.
1712 2133 1802 2163 cor.

112 2192 156 2234 p.
184 2181 284 2232 225,
303 2181 358 2220 26
483 2182 536 2221 17
574 2177 687 2221 Xen.
720 2177 842 2221 Hell.
868 2178 910 2221 II
944 2184 982 2232 1,
1002 2183 1056 2222 29

230 2301 254 2339 2
298 2296 372 2354 με]
405 2293 490 2351 μὲν
517 2298 563 2340 Ρ
700 2300 725 2340 3
771 2296 853 2353 οὐχ
894 2295 1059 2353 scripsi
1098 2298 1288 2341 auctore
1321 2296 1478 2342 Gasda.
1555 2294 1657 2341 οὐδ’
1693 2295 1803 2339 libri

107 2354 202 2398 edd
337 2360 364 2398 4
396 2354 455 2411 μὴ
490 2354 655 2411 scripsi
687 2357 876 2399 auctore
909 2354 1092 2399 Sinteni
1163 2372 1242 2412 μοι
1272 2355 1382 2400 libri
1414 2356 1506 2400 edd
1578 2372 1658 2412 μοι
1689 2355 1803 2415 (πε-

110 2412 423 2472 πραγμένων>
457 2414 562 2457 coni
595 2412 750 2458 Gasda
798 2416 805 2471 1
857 2413 1035 2459 ἐθέλειν
1060 2416 1106 2459 Ρ
1246 2419 1270 2458 7
1315 2430 1427 2458 num
1458 2416 1566 2470 ὑμῖν
1599 2415 1802 2459 scriben-

108 2472 249 2516 dum?
395 2477 449 2516 10
490 2471 702 2534 ᾀδόντων
741 2474 907 2530 scripsi
942 2487 999 2517 ex
1025 2475 1118 2518 Ath
1193 2475 1460 2519 καλούντων
1487 2476 1534 2519 Ρ
1570 2474 1659 2518 edd

114 2537 165 2574 11
205 2528 298 2575 εἶδε
324 2534 370 2576 Ρ
397 2534 444 2576 et
475 2549 530 2588 γρ
563 2532 611 2575 in
643 2546 777 2589 marg
808 2533 911 2577 Mor
1054 2538 1107 2576 13
1140 2531 1320 2591 βούλετ’
1357 2533 1523 2590 scripsi
1555 2546 1611 2578 ex
1635 2534 1729 2578 Ath

108 2590 324 2658 βούλεται
347 2592 393 2635 Ρ
428 2591 519 2635 edd
577 2593 582 2646 Ι
640 2590 871 2649 εὐψυχίαν
912 2592 1077 2647 scripsi
1117 2592 1206 2636 coll
1246 2607 1292 2648 p.
1319 2597 1418 2647 314,
1438 2597 1460 2635 7
1504 2606 1609 2636 cum
1639 2592 1801 2636 Iacob-

109 2649 179 2693 sio
218 2650 331 2694 Lech
365 2654 446 2693 102
484 2650 580 2694 Rev
624 2655 649 2693 3
698 2650 879 2695 Sinteni
928 2651 1084 2695 Gasda
1183 2650 1403 2709 εὐτυχίαν
1449 2651 1559 2696 libri
1606 2651 1698 2695 edd

110 2708 268 2781 ψυχὴν
299 2708 490 2753 Weiske
515 2709 636 2777 Hyp.
669 2710 821 2753 err.11
844 2715 899 2754 47
1035 2715 1089 2755 15
1122 2711 1278 2754 ἀκούω
1304 2713 1378 2768 ΡΙ
1405 2716 1486 2767 τῆς
1515 2718 1598 2754 τοῦ
1629 2710 1800 2765 Μήδου

108 2766 405 2823 κρατήσαντα
446 2768 610 2825 scripsi
651 2782 706 2812 ex
734 2770 827 2814 Ath
867 2783 971 2813 cum
1012 2769 1194 2813 Sinteni
1270 2769 1563 2825 κρατήσαντα
1601 2776 1682 2826 τῆς
1718 2777 1801 2814 τοῦ

111 2825 260 2881 δήμου
285 2828 330 2871 Ρ
366 2827 457 2870 edd
603 2831 657 2871 18
701 2828 874 2872 οὐκοῦν
914 2827 938 2874 ὃ
978 2829 1164 2885 reposui
1204 2843 1228 2872 ο
1267 2827 1400 2873 libris
1444 2843 1549 2873 cum
1587 2828 1800 2873 Iacobsio

110 2884 206 2928 Rev
238 2890 263 2928 3
286 2887 344 2929 et
375 2885 554 2930 Sinteni
617 2887 701 2931 οὐκ
733 2883 818 2931 οὖν
850 2886 882 2930 ἃ
913 2887 1003 2931 edd
1031 2890 1038 2941 Ι
1065 2891 1189 2944 ζητεῖ
1218 2888 1323 2931 coni
1355 2887 1558 2931 Sintenis
1586 2890 1594 2944 Ι
1621 2901 1801 2932 comma

110 2945 217 2999 post
247 2944 442 3000 μάλιστα
471 2946 621 3000 posui,
652 2948 760 3001 post
791 2944 933 2999 ἐζήτει
958 2947 1052 2990 Ath
1083 2946 1174 2989 edd
1237 2961 1311 2990 om
1339 2948 1383 2989 P
