2010 3168
212 110 316 162 112
680 109 908 155 LIBANII
937 109 1326 155 DECLAMATIO
1358 109 1444 155 XV

321 251 419 308 Qui
447 252 566 299 sunt
596 251 650 298 hi
679 253 803 299 tres:

322 328 366 373 1.
399 324 780 373 Matritensis
821 326 989 385 4679,
1025 325 1145 374 olim
1176 326 1332 373 N-49
1369 319 1462 392 (=
1488 319 1595 392 Ma)
1629 340 1751 374 saec.
1778 325 1897 373 XIV

206 399 289 446 fol.
321 400 450 446 161v
482 402 531 446 et
566 400 682 447 169.
716 399 843 446 Vide
874 401 908 446 t.
934 399 960 446 I
990 416 1037 461 p.
1065 400 1169 447 362
1190 415 1260 461 sq.
1294 402 1343 447 et
1373 402 1410 449 t.
1437 399 1509 447 lV
1539 416 1586 461 p.
1612 402 1734 448 410.
1779 398 1896 448 Cor-

205 475 368 520 rectus
416 475 490 521 est
536 473 727 521 duabus
774 472 1014 521 manibus.
1077 474 1222 522 Anno
1267 474 1407 522 1880
1454 474 1648 522 Matriti
1694 474 1896 535 contuli,

204 550 470 609 postquam
502 546 708 595 Carolus
743 547 909 595 Graux
942 563 969 595 a
1002 564 1077 595 me
1108 551 1312 611 rogatus
1351 548 1567 610 inspexit
1605 550 1654 596 et
1688 564 1812 610 quae
1842 549 1896 595 in

205 621 370 669 codice
410 621 636 669 Parisino
677 621 871 682 perdita
910 621 1043 670 foliis
1087 622 1190 670 168
1226 625 1275 670 et
1310 624 1411 671 169
1456 623 1775 670 continentur
1811 621 1895 669 de-

205 695 414 757 scripsit.

117 782 201 821 238
318 772 363 817 2.
420 769 732 818 Parisinus
785 786 854 833 gr.
898 771 1039 818 2998
1091 763 1186 836 (=
1218 764 1282 837 P)
1338 770 1660 833 bombycinus
1708 770 1895 818 formae

204 846 406 892 octavae
446 845 648 892 maioris
682 844 879 892 saeculo
910 844 1028 892 XIV
1059 847 1187 893 teste
1217 845 1540 906 inscriptione
1572 844 1682 893 folii
1710 846 1812 893 315
1846 843 1894 908 is

203 961 381 1026 βοήθει
412 969 478 1010 τῶ
511 969 579 1010 σῶ
612 920 704 1010 ὃοτλῖ
728 910 854 1028 γεῦωρ
888 979 917 1010 a
942 962 1151 1027 Georgio
1186 962 1399 1025 quodam
1432 966 1659 1012 exaratus
1672 957 1731 1028 1),
1754 964 1894 1012 testi-

201 1036 292 1085 bus
323 1036 730 1099 inscriptionibus
761 1037 871 1085 folii
905 1038 1036 1085 289*
1073 1035 1170 1101 εἰμὶ
1209 1044 1296 1085 τοῦ
1337 1037 1597 1101 φεδερίκου
1630 1035 1894 1102 Μορέλλου

202 1108 284 1159 καὶ
308 1117 405 1158 τῶν
423 1111 582 1173 φίλων
607 1110 759 1159 αὐτοῦ
785 1109 872 1159 et'
850 1108 942 1176 εγὼ
967 1108 1137 1176 πέτρος
1155 1109 1180 1161 ὅ
1199 1110 1483 1177 Ναγκήλιος
1509 1114 1558 1159 et
1574 1112 1682 1160 folii
1702 1115 1727 1159 1
1746 1129 1758 1159 t
1779 1111 1892 1160 Ood.

203 1185 317 1233 Bal.
346 1187 453 1234 264
481 1185 599 1233 olim
631 1185 902 1233 Federici
935 1185 1195 1246 Morelli,
1227 1188 1331 1232 tum
1366 1185 1404 1232 P
1417 1185 1532 1234 etri
1560 1179 1891 1252 Naucelii2)

203 1259 413 1319 Turoni,
443 1263 619 1321 postea
652 1258 684 1307 S
695 1262 718 1307 t
727 1276 752 1307 e
761 1276 793 1321 p
804 1259 836 1306 h
847 1275 876 1306 a
885 1262 946 1307 ni
977 1260 1018 1307 B
1030 1260 1086 1308 al
1097 1277 1129 1306 11
1138 1262 1189 1307 zi
1199 1261 1238 1320 i,
1283 1261 1420 1307 cuius
1453 1276 1563 1307 cum
1594 1259 1894 1308 bibliotheca

203 1350 331 1382 anno
369 1337 395 1381 1
406 1336 433 1382 7
444 1338 469 1381 1
481 1336 508 1382 9
539 1334 748 1398 Regiam
780 1334 1003 1394 intravit,
1035 1335 1171 1396 prius
1195 1349 1401 1382 numero
1429 1336 1458 1381 2
1468 1327 1596 1381 766²
1626 1335 1893 1396 insignitus

202 1409 423 1456 continet
453 1410 566 1470 post
599 1408 846 1456 orationes
878 1408 1224 1456 Demosthenis
1256 1408 1610 1470 Aeschinisque
1627 1448 1637 1471 ,
1670 1407 1892 1456 Platonis

200 1564 334 1608 Walz
361 1565 460 1608 cod.
486 1564 674 1608 Barocc.
700 1579 766 1621 gr.
792 1569 875 1608 175
899 1564 979 1609 fol.
1006 1569 1087 1608 20
1113 1564 1414 1608 —lectiones
1448 1564 1620 1608 codicis
1654 1563 1891 1607 Vindobo-

200 1624 356 1668 nensis
372 1623 487 1680 phil.
503 1639 569 1681 gr.
584 1628 638 1667 73
655 1624 730 1667 Hu
733 1638 792 1680 go
812 1624 939 1667 Rabe
955 1637 1136 1680 mecum
1153 1623 1584 1668 communicavit—
1604 1623 1693 1680 (ed.
1705 1622 1892 1668 Cramer

202 1684 372 1727 Anecd
395 1684 537 1727 Oxon.
562 1685 596 1727 t
613 1683 676 1726 IV
701 1699 745 1740 p
774 1688 855 1726 161
882 1683 962 1726 καὶ
985 1683 1131 1742 τούτῳ
1154 1687 1218 1743 τῷ
1236 1682 1390 1758 τρόπῳ
1414 1690 1505 1727 των
1530 1680 1807 1757 προοιμίων
1811 1683 1891 1726 καὶ

201 1742 365 1793 ἄλλους
388 1742 471 1799 μὲν
496 1743 577 1786 καὶ
598 1742 680 1786 τὸν
695 1742 923 1800 Λιβάνιον
942 1741 992 1786 δὲ
1011 1729 1253 1816 διαφόρως
1269 1738 1407 1797 εὗρον
1429 1741 1729 1799 χρησάμενον.
1756 1738 1892 1793 οὗτος

201 1801 287 1858 γὰρ
321 1805 515 1858 μελετῶν
547 1802 597 1846 τὸ
622 1809 703 1846 τοῦ
736 1801 957 1858 Κεφάλου
990 1802 1068 1845 καὶ
1093 1800 1447 1858 Αριστοφῶντος
1478 1801 1650 1857 ζήτημα
1682 1808 1773 1844 τῶν
1807 1802 1891 1858 ἀμ-

201 1861 550 1919 φισβητούντων
572 1868 656 1905 τοῦ
681 1859 823 1918 γέρως
854 1859 1000 1916 νόμον
1032 1861 1298 1911 κελεύοντος
1327 1861 1409 1904 τὸν
1448 1863 1597 1910 καλῶς
1635 1859 1890 1918 βεβιωκότα

199 1918 337 1977 γέρας
360 1921 613 1994 λαμβάνειν
629 1921 707 1963 καὶ
725 1927 806 1964 τοῦ
825 1919 908 1976 μὲν
922 1917 1279 1977 Ἀριστοφῶντος
1302 1919 1521 1970 πολλάκις
1544 1918 1890 1976 κατηγορηθέν-

198 1996 276 2030 τος
299 1981 378 2024 καὶ
403 1979 511 2036 μηδ’
543 1979 667 2032 άπαξ
693 1978 900 2034 ἁλόντος,
924 1987 1006 2023 τοῦ
1032 1981 1083 2024 δὲ
1101 1979 1322 2036 Κεφάλου
1346 1978 1461 2035 μηδὲ
1486 1978 1891 2051 κατηγορηθέντος

198 2039 308 2083 ποτὲ
325 2047 459 2084 τοῦτο
478 2047 592 2097 γοῦν
616 2039 666 2083 τὸ
684 2038 857 2111 ζήτημα
875 2045 1196 2096 πραγματικῆς
1215 2045 1296 2095 τῆς
1319 2037 1438 2082 κατὰ
1462 2035 1844 2096 ἀμφισβήτησιν
1831 2036 1885 2081 dv

198 2098 292 2142 ἀπὸ
317 2100 566 2154 προσώπου
590 2105 672 2142 τοῦ
690 2095 1044 2171 Ἀριστοφῶντος
1067 2101 1262 2155 μελετῶν
1289 2098 1370 2142 τὸν
1403 2096 1749 2154 ἐμφαινόμενον
1780 2097 1885 2152 περὶ

198 2157 278 2202 τὸν
290 2156 509 2213 Κέφαλον
527 2155 716 2213 φθόνον
733 2158 918 2231 βεβαιοῖ
932 2154 1018 2201 ὡδί
1034 2174 1132 2208 πως
1147 2155 1312 2213 λέγων·
1331 2159 1503 2201 πολλ
1475 2174 1509 2200 ω
1523 2174 1547 2199 ν
1564 2159 1654 2200 κτλ.
1660 2158 1719 2213 (z
1729 2171 1777 2212 p.
1790 2160 1888 2209 146,

200 2219 361 2267 2-13)
395 2219 442 2261 et
474 2217 552 2260 fol.
580 2222 664 2260 175
697 2215 798 2261 οἶόν
833 2216 954 2261 ἐστιν
987 2216 1135 2262 ἐκεῖνο
1167 2232 1295 2272 παρα
1327 2214 1554 2275 Λιβανίῳ
1600 2212 1673 2260 ὧν
1706 2213 1808 2260 οὖν
1832 2242 1888 2247 -—

198 2283 295 2320 τοῦ
329 2278 508 2326 καλῶς
540 2275 878 2334 βεβιωκέναι
904 2279 962 2333 (-
986 2291 1030 2332 p.
1052 2281 1150 2330 159,
1170 2277 1345 2331 9—11).
1401 2262 1551 2318 Aliter
1574 2275 1631 2318 de
1655 2275 1726 2318 his
1750 2275 1888 2319 rebus

199 2336 336 2390 sensi,
371 2349 475 2379 cum
508 2337 616 2379 ante
648 2335 730 2379 hos
763 2336 960 2392 triginta
988 2335 1193 2391 quinque
1219 2349 1363 2378 annos
1397 2334 1760 2378 declamationes
1791 2334 1889 2390 pri-

197 2409 326 2438 mum
357 2394 541 2438 ederem
574 2394 817 2450 editasque
851 2409 878 2437 a
903 2394 1064 2439 Cobeti
1100 2394 1556 2437 ‘detrectationibus'
1593 2393 1889 2437 defenderem

199 2453 443 2509 (HermIX
462 2458 517 2496 66
529 2467 619 2507 811.;
652 2453 691 2496 X
720 2459 773 2497 14
791 2456 890 2510 sq.).
940 2453 1030 2497 Sed
1056 2453 1155 2496 dies
1179 2467 1254 2497 me
1279 2453 1438 2496 docuit
1463 2453 1601 2496 fidem
1626 2452 1888 2509 argumenti

198 2512 346 2568 ipsius
377 2512 568 2555 minoris
600 2512 769 2567 facere,
802 2513 1013 2568 quamvis
1045 2512 1095 2555 in
1127 2511 1322 2568 singulis
1348 2512 1484 2568 plura
1508 2525 1647 2567 quam
1678 2511 1757 2554 ille
1790 2510 1886 2566 opi-

199 2574 336 2615 natus
369 2574 471 2614 erat
500 2585 609 2615 vera
640 2572 791 2615 inesse
824 2572 1092 2615 etiamnunc
1122 2571 1238 2614 mihi
1270 2585 1542 2626 persuasum
1574 2570 1648 2614 sit.

319 2632 361 2686 1)
395 2630 460 2673 Of.
488 2630 601 2673 Mar.
628 2630 778 2686 Vogel
810 2632 857 2674 et
875 2630 1228 2682 Gardthausen,
1263 2629 1443 2673 Griech.
1471 2629 1714 2673 Schreiber
1744 2643 1788 2684 p.
1816 2633 1885 2671 90.

318 2691 361 2745 2)
394 2689 538 2732 Filius
578 2689 764 2733 Nicolai
802 2691 939 2732 natus
983 2703 1105 2733 anno
1147 2693 1261 2731 1570
1300 2692 1510 2733 mortuus
1552 2688 1674 2731 circa
1714 2701 1887 2731 annum

203 2753 312 2791 1641
347 2748 412 2803 (P.
439 2747 665 2804 L(acroix)
698 2748 846 2791 Nouv.
880 2748 1034 2804 Biogr.
1067 2749 1170 2803 gen.
1196 2750 1228 2791 t.
1258 2752 1309 2791 37
1346 2764 1388 2804 p.
1418 2753 1499 2791 154
1519 2749 1603 2802 811)
1630 2746 1722 2790 fuit
1745 2747 1886 2791 etiam

199 2809 361 2851 auctor
407 2806 757 2863 epigrammatis
797 2809 849 2850 in
899 2807 1143 2851 Libanium
1184 2808 1431 2862 sophistam
1476 2822 1506 2850 a
1546 2807 1658 2850 Fed.
1693 2805 1887 2850 Morello

201 2868 327 2921 Prof.
362 2868 470 2923 Rey.
510 2866 677 2910 Graece
719 2866 909 2919 editum,
955 2867 1232 2920 restitutum,
1272 2880 1326 2910 ac
1365 2867 1621 2910 Latinitate
1667 2865 1885 2909 donatum

199 2926 323 2979 qnod
355 2928 507 2968 exstat
537 2925 586 2968 in
617 2925 770 2969 fronte
801 2926 916 2969 tomi
947 2924 1114 2980 prioris
1148 2925 1367 2968 editionis
1399 2923 1714 2968 Morellianae.
