2010 3168
214 118 324 170 274
680 117 907 161 LIBANII
938 117 1327 163 DECLAMATIO
1359 118 1464 162 XIX

212 253 476 316 πολλάκις
514 253 648 322 ὑμῖν
699 250 880 320 εἷπον,
921 254 989 308 οὐ
1037 253 1188 324 φέρω
1234 252 1325 307 καὶ
1379 255 1488 324 ἅμα
1539 266 1750 324 σκοπῶ,
1788 268 1907 322 πῶς

212 342 284 396 ἂν
323 343 463 411 ὑμᾶς
499 342 592 396 καὶ
631 342 690 396 ἐκ
728 352 840 396 τῶν
877 344 1170 413 παρόντων
1209 343 1481 413 ὀνήσαιμι.
1523 345 1608 398 δεῖ
1651 347 1754 414 γάρ
1793 343 1904 415 μου

211 430 303 485 καὶ
341 433 442 500 τὴν
472 432 732 500 τελευτὴν
770 432 951 501 ὥσπερ
994 432 1085 485 καὶ
1123 433 1220 485 τὸν
1251 433 1375 500 βίον
1406 431 1602 502 κέρδος
1639 434 1905 502 γενέσθαι.

210 529 276 591 τῇ
315 523 484 574 πόλει.
522 530 638 584 πῶς
674 516 780 574 οὖν
817 528 981 574 τοῦτο
1021 518 1195 591 ἔσται;
1234 524 1565 591 θεωρήσατε.

165 630 187 664 5
329 610 412 663 18.
437 613 566 663 Νῦν
599 608 867 678 δεδέησθε
896 608 1058 663 πέντε
1083 610 1300 680 ἡμερῶν
1330 611 1408 674 εἰς
1434 613 1658 680 βουλήν.
1693 612 1905 675 οὐκοῦν·

180 714 181 717 ’
211 699 273 753 ἐν
311 700 536 762 ταύταις
572 698 606 768 ἢ
647 699 849 752 δώσετε
886 697 919 767 ἢ
962 699 1043 752 οὔ.
1085 698 1183 751 ε’ὰν
1219 699 1322 767 μὲν
1351 702 1547 754 τοίνυν
1578 699 1778 754 ἐκδῶτε
1808 700 1894 754 καὶ

208 790 358 858 παρὰ
396 797 491 858 τῆς
529 788 791 858 ὑμετέρας
829 807 894 858 με
924 789 1143 857 γνώμης
1175 791 1436 858 λαβόντες
1467 788 1736 858 ἀπάγωσι,
1767 794 1901 843 πολ-

210 880 343 940 λοὺς
387 876 513 946 μέν,
553 876 594 931 ὦ
637 879 836 945 ἄνδρες
873 876 1182 946 Ἀθηναῖοι,
1235 879 1625 947 παραβήσεσθε
1674 881 1899 948 νόμους,

208 967 489 1037 ἀλλότριοι
528 963 590 1020 δὲ
627 976 740 1020 τῶν
776 966 1030 1034 πατέρων
1069 971 1367 1035 φανεῖσθε,
1416 965 1660 1031 διδάξετε
1700 965 1761 1020 δὲ
1799 969 1901 1021 τὸν

142 1075 186 1108 ιο
217 1057 495 1109 Φίλιππον
535 1057 703 1109 ἄλλον
740 1054 853 1124 μετ’
899 1054 992 1124 ἐμὲ
1032 1058 1208 1124 ζητεῖν
1245 1053 1337 1108 καὶ
1375 1054 1488 1123 μετ’
1534 1055 1748 1109 ἐκεῖνον
1786 1055 1898 1110 ἕτε-

209 1164 311 1213 ρον
358 1143 450 1197 καὶ
496 1145 704 1207 πάντας
750 1143 869 1214 ἑξῆς
914 1124 1045 1207 τοὺς
1090 1152 1186 1213 τῆς
1233 1144 1362 1213 ἐμῆς
1407 1143 1630 1212 τάξεως,
1675 1143 1777 1207 ἕως
1826 1144 1897 1197 ἂν

205 1235 382 1300 μόνον
427 1231 647 1302 γένηται
695 1234 756 1286 τὸ
803 1235 950 1302 βῆμα
995 1243 1107 1286 τῶν
1152 1229 1292 1301 ὑπὲρ
1340 1232 1553 1286 ἐκείνου
1602 1235 1899 1301 λεγόντων,

207 1323 265 1374 oc
300 1319 362 1375 δὲ
392 1323 672 1391 γράψουσι
705 1322 908 1392 ῥᾳδίως
938 1325 1097 1375 πλεῖν
1135 1341 1192 1374 τε
1228 1323 1484 1393 Φιλίππῳ
1521 1322 1617 1384 τὰς
1653 1324 1896 1392 τριήρεις

205 1411 296 1464 καὶ
351 1412 680 1478 στρατιώτας
734 1410 1068 1463 ἀκολουθεῖν
1121 1410 1212 1463 καὶ
1267 1411 1572 1479 στρατηγὸν
1628 1409 1897 1480 ὑμέτερον

139 1521 180 1555 1⁵
206 1497 454 1553 ἕπεσθαι.
510 1499 593 1552 19.
631 1497 788 1552 ταυτὶ
827 1499 929 1568 μὲν
974 1499 1052 1560 εἰς
1098 1498 1310 1567 βλάβην
1351 1503 1664 1566 τηλικαῦτα,
1705 1497 1898 1568 ἕτερον

207 1587 285 1657 δέ,
336 1590 771 1657 διαβεβλήσεσθε
823 1589 961 1659 πρὸς
1015 1588 1256 1650 ἅπαντας
1311 1587 1645 1657 ἀνθρώπους
1698 1588 1770 1650 ὡς
1825 1588 1891 1641 οὐ

204 1681 383 1740 καλῶς
427 1687 543 1741 τοῖς
587 1678 775 1740 εὔνοις
821 1677 1180 1739 ἀποδιδόντες
1229 1677 1325 1738 τὰς
1362 1676 1598 1745 χάριτας.
1645 1676 1893 1746 ἀτύχημα

206 1766 268 1819 δὲ
305 1767 379 1829 ὡς
417 1765 479 1820 ἐν
516 1775 632 1829 τοῖς
669 1774 944 1836 παροῦσιν
985 1766 1051 1819 οὐ
1091 1766 1289 1835 μικρὸν
1327 1766 1388 1818 τὸ
1423 1765 1570 1818 πάνυ
1610 1766 1895 1835 γνώριμον

205 1851 347 1908 εἶναι
385 1857 483 1908 τὸν
522 1856 715 1924 δῆμον.
756 1855 849 1907 διὰ
886 1855 992 1924 γὰρ
1031 1855 1126 1917 τὰς
1156 1855 1378 1923 πολλάς,
1418 1852 1459 1907 ὦ
1497 1855 1695 1924 ἄνδρες
1728 1853 1893 1923 Ἀθη-

138 1966 181 1998 20
204 1954 368 2012 ναῖοι,
407 1945 697 2014 πρεσβείας
736 1944 804 1996 οὐ
843 1945 1019 2012 μόνον
1058 1942 1120 1996 ἐν
1157 1953 1272 2006 τοῖς
1297 1942 1576 2011 ’Ἑλλησιῃ
1623 1943 1761 1997 ἀλλὰ
1798 1942 1890 1996 καὶ

203 2043 314 2085 τῶν
353 2033 648 2103 βαρβάρων
689 2033 790 2086 οὐκ
829 2033 1038 2100 ὀλίγοις
1083 2029 1347 2100 ἔγνωσθε.
1403 2033 1488 2084 20.
1527 2033 1665 2100 πρὸς
1703 2032 1801 2095 οὓς
1841 2034 1888 2086 εἰ

324 2197 378 2238 18
410 2193 467 2237 cf.
500 2195 534 2237 t
559 2192 625 2237 IV
655 2196 754 2246 491,
774 2197 799 2236 3

323 2346 348 2383 2
379 2342 460 2384 καὶ
490 2341 664 2385 inserui
697 2355 752 2384 ex
776 2342 870 2385 Ath
931 2354 1006 2384 cm
1029 2342 1075 2385 P
1102 2340 1193 2384 edd
1221 2342 1226 2398 Ι
1256 2341 1471 2397 ὀνήσαιμι
1494 2339 1680 2395 reposui
1704 2353 1729 2384 e
1753 2340 1890 2383 libris?

204 2414 309 2444 cum
341 2399 497 2444 Gasda
573 2399 821 2457 ὀνήσαιμεν
853 2400 943 2443 edd
1086 2405 1111 2444 5
1145 2401 1230 2444 νὺν
1262 2400 1371 2443 libri
1403 2401 1494 2444 edd
1637 2404 1662 2442 6
1694 2415 1749 2456 με
1782 2399 1885 2442 coni

204 2458 361 2503 Gasda
503 2464 528 2502 9
568 2458 781 2513 πατέρων
819 2460 983 2515 scripsi
1023 2459 1113 2503 coll
1144 2474 1187 2514 p.
1215 2464 1315 2513 323,
1335 2465 1387 2502 12
1421 2458 1686 2503 auctoribus
1724 2458 1883 2502 Iacob-

203 2518 271 2561 sio
310 2518 423 2562 Lecta
456 2523 537 2562 101
579 2519 677 2562 Rev
700 2524 725 2561 3
770 2519 876 2563 Not.
903 2519 1002 2562 crit.
1042 2518 1090 2560 in
1130 2518 1226 2561 Lib.
1271 2518 1391 2574 apol.
1426 2524 1482 2562 34
1522 2520 1568 2562 ct
1608 2517 1763 2561 Gasda
1803 2518 1884 2572 qui

203 2579 286 2621 aut
326 2576 538 2631 πατέρων
582 2580 664 2620 aut
706 2576 950 2634 προγόνων
994 2577 1288 2621 coniecerunt
1362 2577 1608 2632 παρόντων
1646 2576 1755 2620 libri
1793 2577 1888 2621 edd

323 2641 376 2679 12
409 2635 563 2693 μόνων
589 2635 792 2680 Sintenis
915 2642 968 2681 13
1003 2635 1047 2680 οἱ
1077 2638 1262 2691 reposui
1294 2651 1319 2681 e
1349 2637 1482 2680 libris
1545 2635 1591 2680 οἳ
1621 2635 1711 2679 edd
1739 2639 1744 2692 1
1772 2650 1885 2678 num

202 2694 416 2751 γράψωσι
447 2695 770 2739 scribendum?
810 2699 816 2751 Ι
866 2711 913 2739 τε
945 2696 1046 2740 Mor
1078 2695 1159 2738 sed
1190 2713 1245 2751 γρ
1279 2695 1330 2742 δὲ
1361 2697 1410 2739 in
1440 2709 1574 2752 marg
1634 2694 1685 2740 δὲ
1715 2694 1824 2738 libri

201 2757 262 2811 τῷ
296 2755 400 2798 coni
433 2755 588 2799 Gasda
712 2760 763 2798 16
798 2755 1157 2812 ὃιαβεβλήσεσθε
1189 2756 1354 2811 scripsi
1393 2770 1497 2799 cum
1530 2754 1687 2797 Gasda
1719 2756 1766 2798 ct
1798 2752 1881 2797 Co—

201 2812 310 2856 bebo
329 2812 427 2857 Coll
446 2818 530 2857 286
592 2814 899 2872 διαβέβλησθε
916 2814 1026 2857 libri
1044 2814 1134 2858 edd
1255 2819 1311 2858 20
1337 2813 1435 2870 ελλη
1441 2827 1485 2857 σι
1503 2813 1548 2856 P
1665 2818 1717 2856 21
1747 2812 1882 2868 ἔγνω-

203 2875 289 2914 σθε
314 2873 478 2929 scripsi
503 2887 607 2916 cum
632 2873 1049 2929 Pappaiannopulo
1113 2873 1335 2929 ἔγνωσται
1356 2874 1450 2917 Ath
1513 2872 1716 2927 ἔγνωσαν
1735 2873 1782 2916 Ρ
1799 2871 1880 2915 sed

203 2947 262 2974 αν
295 2944 395 2973 corr
456 2932 717 2988 ἐγνώσθητε
750 2932 840 2975 edd
