2010 3168
550 142 853 188 APOLOGIA
885 143 1314 188 DEMOSTHENIS
1672 145 1780 198 385

88 279 206 334 ἀλλ’
251 278 306 344 ἐξ
353 275 432 333 ὧν
479 276 649 333 οὐδὲν
696 278 895 348 ἀδικῶ,
944 280 1027 333 ὅτι
1074 287 1247 333 ταῦτα
1293 282 1628 351 προειλόμην
1679 279 1772 350 ἀφ’

89 365 169 423 ὧν
207 366 339 424 οὐδὲ
376 378 492 432 τοῖς
530 368 801 423 θέλουσιν
839 362 963 423 οἷόν
998 368 1060 422 τέ
1095 369 1246 423 ἐστιν
1286 369 1514 423 ἀδικεῖν.

202 459 283 512 18.
340 458 546 511 ΚαίτοιΔ
604 459 802 511 Σόλων
862 457 891 511 ὁ
956 459 1275 527 σοφώτατος
1335 468 1448 512 τῶν
1502 456 1781 527 Ἑλλήνων

90 546 181 600 καὶ
215 547 652 616 δημοτικώτατος
684 556 796 600 τῶν
820 549 1126 617 Ἀθηναίων
1150 548 1252 601 οὐκ
1284 547 1586 616 ἐπάναγκες
1616 549 1780 600 τοῦτό

91 655 152 704 γε
193 636 371 703 ὥσπερ
420 637 486 689 τὰ
532 637 694 704 ἄλλα,
749 639 1091 706 λειτουργεῖν
1136 633 1238 706 μὲν
1285 636 1390 690 ἀπὸ
1444 644 1541 705 τῆς
1590 637 1782 699 οὐσίας
1827 659 1848 691 5

88 726 179 778 καὶ
219 726 618 794 στρατεύεσθαι
657 731 732 797 τῷ
773 726 981 794 σώματι
1031 724 1122 778 καὶ
1161 726 1228 778 τὰ
1267 716 1404 779 ἄλλα
1444 725 1546 779 ὅσα
1586 724 1647 779 ἐν
1687 726 1780 794 δη-

85 818 355 886 μοκρατίᾳ
385 813 846 882 πολιτευομένους
871 814 1136 884 ὀφείλειν,
1159 814 1559 883 ὑπελάμβανεν.
1600 812 1781 868 ἐκεῖνα

84 903 186 973 μὲν
231 904 335 972 γὰρ
384 902 591 975 ἑκάστῳ
637 906 930 973 προείρηκε
975 912 1181 971 ποιεῖν,
1236 904 1297 956 τὸ
1346 902 1530 972 λέγειν
1577 900 1638 956 δὲ
1684 901 1771 973 ἐφ’

86 991 290 1064 ἑκάστῳ
338 992 625 1046 κατέλιπεν
672 992 853 1062 ὥσπερ
906 994 976 1045 ἄν
1024 1012 1108 1056 τις
1151 993 1290 1063 πρὸς
1342 1000 1507 1047 τοῦτο
1561 994 1781 1062 γνώμης

83 1080 175 1134 καὶ
230 1082 513 1150 δυνάμεως
577 1084 685 1151 ἔχῃ.
749 1083 984 1145 εἰκότως.
1044 1080 1136 1135 καὶ
1198 1083 1303 1152 γὰρ
1366 1082 1631 1151 ἠπίστατο
1696 1081 1780 1135 ὅτι
1805 1103 1847 1135 ιο

84 1173 413 1242 τριήραρχος
457 1168 560 1238 μὲν
606 1171 696 1224 καὶ
748 1171 1049 1240 στρατηγὸς
1096 1172 1246 1223 ἄκων
1298 1169 1390 1224 καὶ
1446 1172 1780 1240 στρατιώτης

84 1261 440 1329 κελευόμενος
479 1257 647 1313 οὐδὲν
685 1259 756 1313 ἂν
794 1260 1057 1329 βλάψειεν
1088 1260 1196 1313 ὑπὸ
1228 1268 1324 1329 τῆς
1356 1259 1610 1330 ἀνάγκης,
1651 1260 1680 1314 ὁ
1718 1261 1780 1314 δὲ

84 1350 231 1417 παρὰ
276 1349 502 1418 γνώμην
550 1347 726 1417 λέγων
772 1350 864 1402 καὶ
911 1349 1169 1419 γράφων,
1225 1354 1331 1402 εἴτε
1379 1348 1653 1413 ἀδύνατος
1699 1348 1780 1403 ὢν

85 1443 192 1492 εἴτε
254 1437 699 1508 ἀπεστραμμένος
760 1436 849 1491 ἐπὶ
910 1437 1059 1492 τοῦτ’
1122 1437 1342 1508 ἀχθείη,
1403 1439 1621 1502 πάντως
1678 1437 1774 1492 ὑπ’

86 1527 311 1596 ἀγνοίας
355 1526 388 1596 ἢ
436 1525 601 1597 χωρὶς
647 1528 868 1590 εὐνοίας
913 1530 1338 1595 πολιτευόμενος
1384 1527 1698 1597 ἀδικήσειεν
1743 1527 1845 1596 ἢιῡ

85 1617 346 1685 βλάψειεν
385 1617 468 1669 ἄν.
507 1617 643 1686 πρὸς
682 1617 744 1670 δὲ
781 1617 1002 1680 τούτοις
1041 1619 1249 1686 μόνους
1287 1617 1521 1680 τούτους
1564 1626 1677 1670 τῶν
1717 1616 1777 1671 ἐν

84 1713 148 1775 τῇ
195 1707 351 1760 πόλει
394 1707 730 1774 πραγμάτων
766 1704 856 1759 καὶ
903 1707 1129 1768 πλείους
1173 1716 1285 1759 τῶν
1338 1707 1543 1759 ἱκανῶν
1585 1705 1589 1778 Ι
1642 1710 1764 1755 RIV
1781 1716 1865 1755 289

84 1793 499 1865 ἐπιθυμοῦντας
558 1795 848 1864 ἠπίστατο,
917 1796 1056 1849 ὥστε
1118 1795 1218 1865 οὐχ
1281 1795 1426 1858 ὅπως
1493 1796 1584 1848 καὶ
1649 1798 1778 1859 τοὺς

203 1991 230 2030 4
253 1987 389 2031 Isocr.
416 1986 579 2043 Areop.
608 1991 632 2040 ξ
651 1991 705 2030 16
730 2001 774 2043 p.
795 1991 878 2030 143
897 2000 924 2030 a.
1053 1991 1078 2030 9
1103 1985 1321 2031 Aeschin.
1339 1986 1456 2031 Tim.
1476 1991 1501 2041 ξ
1520 1992 1574 2031 23
1599 2002 1646 2043 p.
1665 1991 1706 2042 4,
1723 1991 1777 2030 14

205 2171 259 2210 14
291 2163 682 2223 ἀπεστραμμένος]
715 2164 843 2209 ἄκων
882 2166 961 2210 καὶ
999 2163 1204 2210 τούπίσω
1238 2163 1549 2222 στρεφόμενος
1581 2164 1646 2210 P*
1677 2165 1779 2209 Mor

203 2334 228 2372 2
262 2325 365 2374 οἷον
389 2330 434 2373 Β
496 2325 594 2379 οἷός
625 2328 691 2372 Re
730 2330 736 2386 Ι
780 2328 902 2373 ἐστιν
934 2343 1009 2373 om
1034 2331 1080 2374 P
1108 2328 1209 2372 Mor
1329 2334 1356 2372 4
1387 2328 1533 2372 τούτω
1560 2330 1659 2374 Par

86 2393 111 2431 5
143 2405 194 2459 γε
226 2389 390 2446 scripsi
422 2390 609 2432 auctore
633 2388 701 2432 Re
760 2387 808 2433 τὲ
834 2389 891 2433 H
895 2389 1059 2434 VVaB
1119 2404 1167 2432 τε
1194 2389 1330 2432 ΜαΡ
1358 2388 1448 2431 edd
1511 2402 1586 2431 om
1610 2390 1711 2432 Par

85 2445 302 2504 ἐποίησεν
334 2450 497 2504 posty
502 2463 536 2502 ε,
569 2444 670 2492 οἷον
702 2449 811 2491 ante
842 2451 1125 2505 λειτουργεῖν
1156 2447 1454 2491 inserendum
1479 2448 1583 2491 coni
1607 2447 1675 2490 Re
1701 2446 1775 2490 cui

85 2506 329 2551 oblocutus
355 2509 426 2550 est
448 2506 610 2550 Iaoobs
627 2506 740 2551 Lech
758 2511 841 2551 106
869 2509 876 2564 Ι
903 2507 987 2563 μὲν
1012 2506 1263 2551 delendum
1279 2506 1465 2550 videtur
1585 2511 1610 2549 6
1635 2502 1775 2549 τᾶλλα

86 2567 191 2610 HV
304 2571 330 2610 8
363 2567 444 2622 μὲν
470 2579 544 2609 om
571 2567 615 2610 V
631 2567 707 2640 (efi
717 2566 844 2623 Mon)
873 2570 879 2622 Ι
906 2565 994 2623 γὰρ
1025 2580 1099 2610 om
1127 2566 1483 2611 VaBParMaP
1503 2565 1604 2609 Mor
1631 2568 1637 2622 Ι
1664 2581 1775 2619 προ-

86 2624 321 2698 ειρηκέναι
345 2626 391 2669 Ρ
411 2624 513 2668 Mor
571 2622 849 2682 προείρηκεν
874 2626 947 2670 ἀεὶ
973 2625 1078 2669 coni
1102 2625 1169 2668 Re
1198 2627 1204 2681 Ι
1232 2622 1280 2668 δ’
1308 2625 1360 2669 Η
1480 2629 1505 2668 9
1538 2623 1773 2679 ἐφεκάστω

87 2686 176 2728 Μα
225 2686 231 2742 Ι
282 2682 340 2728 ἂν
381 2684 530 2736 εἴτις
563 2685 678 2728 VaB
809 2689 862 2729 10
907 2684 954 2741 ἔχ
958 2699 998 2728 ει
1023 2685 1129 2729 HV
1166 2684 1248 2728 sed
1287 2684 1336 2727 in
1374 2684 1462 2728 hoc
1500 2685 1608 2740 post
1648 2700 1664 2727 ι
1697 2696 1773 2726 ras

87 2748 108 2785 1
143 2743 222 2787 litt
252 2743 301 2787 in
333 2757 427 2799 qua.
457 2761 500 2800 η,
534 2744 633 2787 Par
708 2742 803 2801 ἔχοι
829 2744 918 2788 Μα
967 2745 973 2799 Ι
1023 2743 1103 2787 καὶ
1136 2757 1211 2788 om
1236 2745 1357 2798 Par,
1396 2744 1503 2800 post
1534 2741 1621 2800 γὰρ
1655 2742 1774 2786 VaB

205 2807 258 2847 12
293 2800 352 2847 ἂν
377 2829 431 2835 -
459 2806 558 2856 388,
577 2806 602 2845 8
634 2804 899 2853 κελευσθεὶς
930 2817 1005 2846 om
1029 2804 1130 2847 Par
1274 2807 1330 2846 14
1369 2803 1411 2846 εἱ
1442 2804 1550 2846 ante
1582 2801 1658 2844 ἐπὶ
1675 2802 1781 2846 HV

88 2903 94 2962 Ι
128 2911 261 2948 τοῦτο
296 2907 411 2950 VaB
535 2909 587 2949 16
621 2905 690 2963 δὲ]
723 2906 767 2949 τὶ
793 2907 882 2950 Ma
909 2906 915 2964 Ι
940 2878 1124 2956 τούτοις
1112 2878 1194 2949 ςΡ
1312 2910 1364 2950 17
1398 2903 1536 2949 πλείω
1562 2904 1663 2947 Mor
1690 2904 1772 2948 sed

84 2962 269 3014 πλείους
298 2964 348 3007 in
378 2977 512 3022 marg
634 2969 689 3008 18
720 2964 800 3008 καὶ
831 2978 905 3007 om
939 2965 981 3006 V

174 3045 368 3078 nummus
392 3046 450 3079 ed.
466 3047 700 3078 Foerster.
726 3047 792 3078 VI.
1359 3042 1414 3080 25
