2010 3168
577 126 952 172 DEMOSTHEN
954 126 1006 170 IS
1038 126 1341 171 APOLOGIA
1701 125 1806 178 379

120 263 399 333 ἐξαιτήσας
450 260 551 333 μὲν
604 262 707 316 οὐκ
762 261 1021 333 ἐξήμαρτε
1074 260 1202 331 παρ’
1262 261 1443 331 ὑμῶν,
1507 262 1693 331 λαβὼν
1747 259 1807 315 δὲ

118 354 329 423 ἀφῆκεν
368 354 445 415 εἰς
481 352 636 421 ὑμᾶς.
677 351 948 420 ἀδόκητον
987 350 1051 405 δέ
1094 371 1187 419 μοι
1234 350 1580 420 συμβέβηκεν
1630 351 1808 405 ἑκάτε-

117 463 232 511 ρον.
287 443 413 496 οὔτε
466 441 570 511 γὰρ
622 439 1028 509 ἐκδοθήσεσθαι
1064 440 1070 509 Ι
1104 448 1217 493 πᾶν
1264 441 1293 494 ὅ
1344 460 1397 493 τι
1451 439 1625 504 δόξειε
1671 445 1895 489 R1V284

122 533 374 603 Φιλίππῳ
419 531 739 599 πεισόμενος
785 529 1072 600 ἡγησάμην
1126 529 1195 582 ἄν
1241 546 1373 582 ποτε
1427 527 1541 582 οὔτ’
1605 531 1656 583 εἴ
1698 551 1805 597 μου

120 622 392 682 Φίλιππος
431 618 646 687 γένοιτο
689 618 968 690 ἐγκρατής,
1008 619 1345 687 εὑρήσεσθαι
1373 638 1498 672 τινα
1531 621 1807 693 σωτηρίαν

113 710 480 779 προσεδόκων.
536 708 583 761 9.
625 706 731 777 ἐγὼ
770 705 871 776 μὲν
910 703 1014 762 οὖν
1051 705 1270 780 ᾠχόμην
1315 708 1388 771 ὡς
1427 707 1807 778 ἀπολούμενος

113 798 202 851 καὶ
255 799 578 867 παρεδόθην
625 796 726 868 ὑφ’
778 798 937 866 ὑμῶν
988 807 1105 860 τοῖς
1155 804 1394 866 παροῦσι
1440 799 1805 867 Μακεδόνων,

114 885 359 956 ἐλεηθεὶς
399 884 459 940 δὲ
497 886 605 940 ὑπὸ
651 888 931 940 Φιλίππου
977 884 1071 939 καὶ
1117 885 1433 956 παραδόξου
1480 888 1665 956 τυχὼν
1711 895 1806 956 τῆς

112 974 326 1030 ἐκείνου
388 979 753 1045 χρηστότητος
807 975 869 1029 ἐν
921 977 1249 1047 Μακεδονίᾳ
1302 972 1404 1046 μὲν
1461 976 1564 1029 οὐκ
1618 978 1806 1044 ε”μεινα

111 1068 288 1119 καίτοι
325 1067 506 1135 παρὸν
544 1064 634 1118 καὶ
679 1068 960 1119 Φιλίππου
998 1064 1186 1132 με’νειν
1223 1069 1691 1135 παρακαλοῦντος,
1732 1066 1805 1128 ὡς

112 1155 355 1224 ὤφελον,
410 1161 484 1227 τῷ
534 1155 596 1208 δὲ
642 1157 802 1225 ἔρωτι
848 1163 960 1209 τῶν
998 1158 1305 1224 Ἀθηναίων
1352 1153 1442 1208 καὶ
1489 1156 1655 1223 τῆσδε
1709 1163 1804 1223 τῆς

110 1252 210 1313 γῆς
245 1244 418 1314 <τοῦ>
457 1244 766 1298 ἀποθανεῖν
819 1263 876 1298 τε
932 1243 992 1297 ἐν
1046 1244 1185 1314 αὐτῇ
1239 1242 1330 1297 καὶ
1384 1244 1567 1314 τάφου
1617 1254 1803 1314 τυχεῖν

110 1338 348 1387 Ἀττικοῦ
389 1334 554 1403 δεῦρο
595 1331 846 1401 ἐπανήκω
886 1334 1032 1402 παρὰ
1070 1334 1167 1396 τὰς
1203 1333 1429 1387 πάντων
1468 1333 1705 1396 ἐλπίδας.

224 1422 307 1475 10.
346 1422 458 1475 Καὶ
496 1425 711 1492 χαίρειν
750 1419 850 1492 μὲν
891 1427 1023 1485 ἴσως
1062 1421 1343 1492 ἀφεθέντα
1381 1442 1446 1492 με
1486 1423 1594 1492 δεῖ,
1639 1431 1803 1491 σιγᾶν

109 1508 170 1565 δὲ
206 1511 407 1575 πάντες
446 1513 497 1565 οἱ
538 1512 792 1580 λογισμοὶ
831 1513 1117 1565 κελεύουσι
1156 1513 1258 1580 τὴν
1302 1510 1626 1580 πρέπουσαν
1674 1527 1801 1566 σιω-

108 1601 218 1669 πὴν
256 1611 372 1664 τοῖς
411 1600 704 1669 ἑαλωκόσι,
743 1609 859 1664 τοῖς
899 1599 1291 1669 ἐκδεδομένοις.
1340 1601 1414 1664 ὡς
1453 1603 1623 1670 ἔγωγε
1666 1600 1802 1654 ἀπά-

109 1695 308 1757 γεσθαι
354 1688 444 1743 καὶ
492 1698 600 1744 νῦν
647 1689 971 1743 ἐκδίδοσθαι
1021 1691 1164 1744 δοκῶ
1213 1690 1302 1743 καὶ
1354 1693 1634 1744 Φίλιππον
1679 1689 1801 1758 βλέ-

107 1797 235 1833 πειν
272 1777 363 1832 καὶ
404 1778 485 1832 ἐπ’
530 1777 746 1833 ἐκείνου
795 1778 990 1848 λέγειν.
1038 1780 1105 1832 οὐ
1152 1780 1257 1850 γὰρ
1306 1778 1542 1849 ἀνείθην
1588 1778 1653 1847 γε’
1685 1797 1801 1843 πως

108 1876 203 1937 τῆς
258 1868 363 1922 ἀπὸ
418 1877 531 1922 τῶν
585 1869 916 1938 συμβάντων
968 1866 1272 1938 ἐκπλήξεως
1322 1866 1454 1922 οὐδὲ
1505 1862 1801 1938 Ἀθήνησιν

109 1954 252 2011 εἶναι
291 1959 462 2025 δοκῶ,
508 1957 647 2012 ἀλλὰ
693 1959 789 2020 τὰς
834 1954 936 2027 μὲν
974 1962 1207 2027 Ἀθήνας
1243 1966 1344 2012 τοῦ
1388 1961 1668 2012 Φιλίππου
1706 1958 1797 2011 κά-

226 2110 251 2148 2
293 2103 350 2148 cf.
383 2119 427 2160 p.
454 2109 554 2159 408,
575 2110 628 2149 13
661 2106 710 2148 et
742 2109 810 2148 14.
855 2103 999 2148 Thuc.
1026 2103 1111 2148 VII
1135 2108 1272 2158 29‚4;
1304 2104 1368 2147 IV
1393 2109 1470 2158 363
1513 2103 1576 2147 VI
1604 2109 1718 2159 34,6
1753 2107 1800 2148 et

107 2167 155 2279 {3
180 2163 445 2266 32135313534
473 2163 537 2207 IV
563 2169 631 2218 17,
651 2167 698 2218 33
745 2164 787 2208 V
813 2167 882 2219 10,
902 2168 925 2206 7
1073 2168 1128 2207 14
1172 2179 1239 2220 sq.
1271 2163 1377 2208 Eur.
1416 2162 1575 2221 Suppl.
1610 2168 1694 2207 298
1739 2164 1797 2208 cf.

228 2361 250 2400 1
285 2357 367 2414 οὐχ
401 2355 573 2413 ἥμαρτε
598 2357 704 2401 HV
841 2361 867 2400 3
907 2355 978 2401 ὅτι
1008 2355 1118 2400 libri
1150 2355 1241 2399 edd
1290 2358 1296 2413 1
1346 2353 1534 2408 δόξαιεν
1558 2357 1662 2402 HV

106 2421 133 2459 4
166 2414 443 2473 πεισόμενον
477 2417 513 2460 V
541 2420 547 2470 Ῑ
575 2413 681 2459 οὔτέ
710 2432 799 2472 μου
823 2418 924 2460 Par
1044 2421 1070 2459 6
1102 2412 1188 2459 οὖν
1220 2429 1297 2459 om
1324 2417 1412 2460 Ma
1438 2418 1445 2472 Ι
1484 2415 1798 2472 ἀπολλύμενος

110 2477 215 2521 HV
331 2480 385 2519 10
417 2475 581 2529 παρὼν
607 2476 695 2519 Μα
817 2481 869 2519 11
904 2474 1075 2531 ὄφελον
1097 2475 1290 2520 ΗΜαΡ
1423 2481 1475 2518 12
1508 2482 1590 2520 τοῦ
1623 2475 1796 2519 inserui

165 2549 241 2579 om
264 2534 374 2578 libri
399 2534 490 2578 edd
516 2534 597 2577 sed
617 2539 742 2590 „post
766 2541 849 2591 γῆς
872 2535 1015 2579 deesse
1038 2535 1217 2579 videtur
1239 2534 1319 2578 καὶ
1342 2541 1424 2578 τοῦ
1449 2541 1532 2579 aut
1556 2536 1676 2579 alias
1691 2541 1798 2591 post

108 2594 298 2637 ἀττικοῢ
330 2595 446 2638 deest
478 2593 769 2650 γλισχόμενος
800 2595 868 2638 vel
898 2591 1178 2652 βουλόμενος
1214 2595 1283 2638 vel
1321 2594 1410 2638 tale
1448 2595 1585 2650 quid“
1620 2594 1687 2637 Re
1720 2593 1796 2637 cui

108 2652 352 2697 oblocutus
398 2651 680 2696 infinibivum
726 2652 987 2709 simplicem
1032 2652 1282 2696 defendere
1336 2652 1518 2696 studuit
1558 2652 1794 2696 Iacobsius

107 2711 312 2756 Philostr
344 2716 428 2756 626
553 2717 606 2755 13
639 2712 827 2756 ἀττικοῦ
859 2725 934 2756 om
968 2712 1084 2756 VaB
1112 2714 1118 2767 Ι
1145 2713 1252 2767 περὶ
1285 2713 1354 2757 Va
1487 2717 1539 2755 16
1572 2711 1794 2756 ἑαλωκόσι

109 2770 274 2827 scripsi
314 2785 370 2815 ex
399 2771 503 2815 HV
539 2771 630 2816 coll
667 2786 711 2827 p.
737 2775 910 2827 415‚9;
951 2775 1060 2825 427,
1080 2776 1133 2814 13
1209 2768 1408 2827 ἡλωκόσι
1439 2772 1798 2830 VaBParMaP

108 2829 200 2873 edd
344 2835 396 2873 17
431 2831 584 2875 δοκῶν
617 2831 686 2875 Va
717 2830 799 2874 sed
829 2847 857 2874 ν
889 2843 1004 2885 eras,
1030 2832 1129 2875 Par
1271 2834 1327 2872 20
1358 2830 1460 2888 τοῦ]
1496 2831 1679 2884 „malim
1708 2829 1793 2887 τὴν

106 2889 1026 2993 ΞΞὲ-εἴῆέἕάτέιώἕῖἔ·οόΐῖῗᾝῖἰιοῗῗέᾝ
1054 2889 1417 2992 ἰ’ῗέἰέἔῗέιῖἓ
1439 2890 1794 3004 ἀζιίὲτῗὴέῗῖρέ

1853 639 1872 672 5

1829 1085 1871 1117 10

1826 1531 1867 1563 15

1823 1976 1867 2008 20
