2010 3168
191 87 301 141 344
626 85 853 130 LIBANII
882 84 1273 130 DECLAMATIO
1305 84 1434 129 XXII

190 229 285 278 Ma
301 230 352 276 et
369 243 398 276 a
424 228 483 276 Vi
499 228 614 288 stat,
632 226 717 274 sed
739 241 941 273 manum
963 227 1017 274 in
1039 227 1203 273 textus
1222 226 1383 273 forma
1406 224 1748 274 constituenda
1770 227 1877 279 tam

189 302 481 351 insolentem
520 300 708 362 prodit,
746 301 804 348 ut
840 300 1076 348 lectiones
1123 300 1229 347 eius
1276 300 1476 347 omnino
1523 298 1583 347 ab
1631 301 1880 361 apparatu¹

192 377 362 424 critico
394 375 591 422 exulare
623 375 862 423 iusserim.

301 448 691 497 Necessitudinis
738 448 991 496 vinculum
1038 463 1135 509 quo
1183 446 1372 495 codices
1419 447 1603 511 singuli
1648 449 1779 495 inter
1825 461 1879 495 se

190 525 443 573 coniuncti
473 524 588 572 sunt
618 523 710 570 hoc
741 521 836 569 tibi
865 521 1037 570 reddet
1067 523 1299 569 stemma:

191 648 996 1088 A*

262 907 648 1278 Af
757 1126 917 1382 ss
997 917 1177 990 Χ

719 1391 792 1434 Va
907 1392 1034 1438 B
1300 1406 1309 1415 .

536 1465 672 1509 Wolf

1120 1610 1218 1687 Lau
1443 1608 1445 1610 ·
1459 1644 1490 1687 Ζ

300 1754 359 1801 In
390 1755 677 1802 universum
707 1755 843 1816 prior
872 1755 1066 1802 familia
1098 1755 1307 1802 alteram
1339 1755 1434 1803 fide
1467 1756 1678 1817 superat.

299 1828 597 1876 Macarius
632 1822 1208 1894 Chrysoeephalusl)
1241 1827 1365 1877 duos
1398 1829 1529 1877 locos
1561 1828 1800 1877 laudavit.

300 1901 608 1950 Declamatio
653 1901 706 1949 in
752 1902 914 1949 lucem
958 1904 1213 1963 protracta
1259 1905 1334 1950 est
1381 1919 1406 1950 e
1452 1903 1617 1951 codice
1655 1902 1876 1950 Wolfen-

189 1975 449 2024 buttelano
505 1991 632 2024 anno
683 1976 823 2024 1517
873 1975 1087 2025 editione
1135 1970 1562 2043 Ferrariensi2)
1613 1970 1706 2043 (=
1732 1970 1878 2043 Ferr)

189 2050 275 2097 fol.
304 2051 515 2100 7—121.
561 2049 725 2099 Huius
747 2051 912 2098 textus
936 2050 1146 2098 formam
1170 2051 1271 2098 fere
1296 2050 1513 2099 reddidit
1535 2045 1874 2117 Morellus3)

188 2123 361 2171 Liban.
387 2139 499 2186 opp.
523 2126 559 2172 t.
584 2124 609 2171 I
631 2141 678 2186 p.
705 2126 995 2172 411—422
1025 2118 1117 2191 (=
1142 2119 1292 2188 Mor),
1316 2124 1401 2172 sed
1423 2124 1504 2172 hio
1526 2125 1631 2172 illic
1654 2140 1679 2172 e
1711 2124 1877 2172 codice

189 2197 275 2258 qui
305 2198 572 2245 maximam
615 2213 725 2246 cum
756 2198 875 2246 Lau
904 2197 1080 2246 habuit
1119 2191 1547 2265 similitudinem4)
1581 2197 1874 2246 emendavit.
1901 2215 1905 2218 ·

193 2272 405 2320 Textum
435 2271 783 2320 Morellianum
815 2271 1097 2319 Reiskius
1131 2266 1225 2338 (=
1250 2265 1346 2338 Re)
1378 2272 1540 2320 minus
1572 2288 1664 2334 ope
1695 2271 1874 2320 codicis

310 2427 353 2482 1)
386 2425 452 2470 Cf.
484 2428 517 2471 t.
541 2427 563 2470 I
593 2442 637 2483 p.
664 2431 748 2471 351
768 2440 835 2482 sq.

309 2486 352 2542 2)
386 2484 451 2528 Cf.
485 2487 517 2529 t.
543 2485 564 2528 I
594 2500 639 2541 p.
666 2490 735 2529 75.
797 2485 898 2529 Hac
944 2485 1149 2530 editione
1197 2485 1299 2543 (fol.
1335 2490 1440 2539 1413
1484 2490 1561 2540 273
1602 2487 1681 2541 99)
1729 2485 1874 2530 etiam

191 2544 555 2589 declamationes
602 2543 804 2589 Menelai
842 2546 891 2600 (t.
918 2544 959 2588 V
997 2560 1041 2601 p.
1070 2547 1192 2602 199),
1240 2545 1449 2602 Neptuni
1490 2546 1538 2589 et
1582 2543 1746 2588 Martis
1791 2545 1871 2601 (ib.

190 2618 235 2705 g.
251 2608 347 2706 ἱιῖι18
384 2605 431 2647 et
454 2605 573 2659 432),
605 2603 813 2648 Timonis
837 2603 917 2660 (ib.
941 2618 985 2660 p.
1012 2606 1115 2660 534)
1140 2604 1366 2648 contineri
1391 2604 1485 2648 suis
1509 2603 1623 2648 locis
1647 2604 1874 2648 adnotare

225 2677 250 2707 e
283 2677 345 2706 ui.

310 2723 353 2778 3)
386 2721 520 2765 Unde
551 2720 705 2765 evenit
741 2723 794 2764 ut
831 2721 972 2765 verba
1009 2736 1053 2778 p.
1080 2725 1237 2777 363,11
1280 2720 1305 2766 ὁ
1337 2721 1707 2778 στεφανούμενος
1752 2735 1873 2777 quae

190 2779 652 2824 Wolfenbuttelanus
684 2793 789 2823 cum
811 2779 1003 2835 reliquis
1033 2780 1271 2824 codicibus
1295 2781 1502 2838 praebet,
1528 2781 1577 2823 in
1600 2779 1703 2824 Mor
1726 2793 1875 2836 aeque
1970 2836 1973 2840 .

192 2840 332 2894 atque
362 2839 411 2882 in
442 2840 552 2883 Fen·
583 2839 748 2882 desint.

310 2899 354 2954 4)
387 2897 452 2943 Cf.
484 2913 531 2954 p.
557 2902 657 2953 353,
677 2903 729 2941 19
763 2899 911 2942 et‘21.
