2010 3168
250 71 320 121 74
838 69 1128 115 GREGORII
1160 69 1361 115 CYPRII

248 205 585 274 ἀνθρώπους
625 205 898 274 ἀλλήλοις,
930 207 1003 268 ὡς
1035 206 1066 274 ἡ
1100 207 1268 274 φύσις
1300 205 1598 275 διετάξατο,
1630 217 1936 277 κοινωνεῖν,

249 295 340 346 καὶ
380 295 465 347 δεῖ
504 315 564 362 γε
602 296 821 364 θηρίων
867 298 1074 364 τρόπον
1121 294 1527 364 ἀλλαξαμένους
1570 297 1706 366 πρὸς
1757 297 1940 366 ἀγριό-

248 402 381 451 τητα
404 389 735 452 μετακλῑναι.
776 383 861 436 38.
887 383 1031 437 οὕτω
1064 385 1136 452 μὴ
1169 381 1313 437 εἷναί
1343 405 1484 453 φημι
1516 386 1735 454 χείρους
1765 385 1938 455 ἀγνω-

249 475 437 538 μόνων
483 473 799 541 ἀνθρώπων
847 471 907 525 ἐν
952 481 1067 535 τοῖς
1114 469 1275 526 οὖσιν
1321 473 1571 542 ὀφθῆναι
1618 482 1800 527 πᾶσαν
1847 476 1940 527 διὰ

204 589 224 620 5
249 569 374 626 μιᾶς
414 562 612 629 ταύτης
660 559 1135 630 ἐπεισενεγκόντας
1180 568 1256 634 τῷ
1302 569 1472 633 κοινῷ
1516 566 1805 631 πονηρίαν.
1849 562 1940 616 καὶ

250 647 416 702 οὐδὲν
455 648 526 702 δι’
574 650 778 713 αὐτοὺς
815 651 880 703 τὰ
910 659 1022 703 τῶν
1053 650 1371 721 ἀνθρώπων
1403 651 1488 704 ὅτι
1517 652 1589 720 μὴ
1623 654 1819 721 ἔχθραι
1851 652 1941 705 καὶ

249 742 476 807 πόλεμοι
515 738 605 791 καὶ
645 739 869 793 ἀπιστία
907 740 997 792 καὶ
1037 740 1247 803 ὑποψία
1284 740 1373 793 καὶ
1414 741 1575 803 δόλος
1613 739 1703 793 καὶ
1736 742 1942 804 ψεῦδος

251 827 336 879 καὶ
379 837 489 880 πᾶν
530 822 676 890 εἶδος
721 836 918 896 κακοῦ,
965 829 1054 881 καὶ
1105 828 1354 896 οὐδαμοῦ
1394 828 1427 896 ἡ
1468 829 1703 898 ἀλήθεια
1750 828 1839 882 καὶ
1880 833 1941 882 τὸ

249 920 489 984 γνησίως
535 916 823 984 προσιέναι
871 916 1151 985 ἀλλήλοις·
1207 917 1274 971 οὐ
1321 918 1424 987 γὰρ
1471 915 1625 970 ἔστιν
1672 919 1820 981 ὅστις
1869 921 1940 988 μὴ

185 1035 225 1063 10
250 1007 619 1070 πλαττόμενος
650 1003 788 1073 μηδὲ
822 1007 1182 1074 σοφιζόμενος
1215 1005 1628 1075 ἀναστρέφεται.
1662 1009 1753 1060 διὰ
1778 1015 1941 1061 τοῦτο

253 1092 375 1162 μηδ’
423 1093 595 1146 ἐλεεῖν
634 1091 775 1146 εἶναι
816 1096 1032 1147 δίκαιον
1079 1098 1210 1157 τοὺς
1258 1096 1545 1158 τοιούτους
1583 1097 1720 1165 μηδὲ
1759 1098 1942 1164 φείδε-

253 1189 410 1249 σθαι,
467 1183 670 1251 ἀγρίως
725 1181 785 1236 δὲ
839 1188 1050 1250 μᾶλλον
1104 1185 1240 1253 πρὸς
1294 1183 1497 1246 αὐτοὺς
1550 1187 1679 1247 τοὺς
1735 1186 1943 1247 πάντας

252 1272 389 1339 ὁρᾶν
443 1273 530 1324 καὶ
588 1272 900 1334 ἐξελαύνειν
954 1272 1164 1340 ἁπάσης
1217 1273 1287 1340 ἣν
1342 1275 1594 1326 οἰκοῦσιν
1651 1275 1942 1342 ἄνθρωποι

253 1369 366 1429 γῆς,
407 1364 858 1431 φιλανθρωπίαν,
899 1362 1033 1415 ὅσον
1071 1365 1132 1414 τὸ
1173 1360 1287 1414 κατ’
1336 1362 1555 1430 αὐτούς,
1595 1361 1652 1415 ἐκ
1682 1370 1781 1415 τοῦ
1813 1365 1942 1431 βίου

186 1477 226 1508 15
252 1449 337 1502 καὶ
398 1449 692 1503 ἐπιείκειαν
747 1449 1121 1519 ἐξορίσαντας,
1184 1452 1244 1502 τὸ
1308 1450 1683 1519 ἀκοινώνητον
1737 1450 1800 1503 δὲ
1851 1448 1943 1502 καὶ

251 1541 528 1607 θηριῶδες
589 1540 1060 1608 ἐπεισαγαγόντας.
1120 1540 1181 1592 τὸ
1237 1540 1341 1609 γὰρ
1396 1546 1654 1592 τοιοῦτον
1707 1538 1944 1607 ἀδίκημα

252 1629 648 1697 παρορώμενον
711 1627 1056 1696 ἀτιμώρητον
1119 1628 1186 1681 οὐ
1248 1632 1458 1681 πολλοῦ
1527 1647 1677 1690 τινος
1738 1629 1943 1696 χρόνου

253 1718 503 1785 δεήσεται
550 1725 648 1769 τοῦ
695 1718 768 1785 μὴ
815 1724 910 1784 τῆς
959 1719 1131 1786 λύμης
1179 1718 1487 1784 ἀναπλῆσαι
1540 1718 1669 1778 τοὺς
1723 1717 1942 1778 πάντας.

254 1806 339 1858 39.
379 1804 469 1858 καὶ
509 1806 568 1858 τὸ
607 1808 740 1872 μετὰ
779 1814 950 1858 ταῦτα
989 1816 1102 1868 πῶς
1143 1808 1212 1859 ἄν
1250 1826 1332 1868 τις
1375 1804 1626 1873 ἐθελήσει
1665 1802 1776 1857 τινὶ
1817 1818 1945 1857 συν-

188 1918 231 1949 20
253 1893 461 1947 θέσθαι
502 1894 533 1962 ἢ
572 1896 906 1960 μεταδοῦναι
947 1904 1057 1946 τῶν
1097 1893 1320 1964 ἑαυτοῦ,
1359 1904 1474 1956 πῶς
1509 1897 1590 1956 τίς
1620 1913 1771 1955 τινος
1803 1892 1946 1945 ἀντι-

256 1986 482 2050 λήψεται
523 1982 611 2035 καὶ
652 1982 1114 2054 καταπονουμένῳ
1155 1993 1308 2052 χεῖρα
1349 1982 1544 2051 ὀρε’ξει;
1587 1985 1698 2034 τίνι
1738 1982 1945 2050 βοηθή-

256 2089 361 2136 σει;
401 2075 524 2124 τίνα
563 2074 936 2140 προσλήψεται
984 2072 1143 2133 εἰδὼς
1190 2071 1312 2124 ἀντὶ
1359 2078 1460 2124 τοῦ
1499 2071 1660 2140 χάριν
1699 2070 1945 2138 ὀφείλειν

255 2163 355 2214 τὸν
395 2157 456 2212 εὖ
495 2161 774 2229 πάσχοντα
811 2163 888 2222 εἰς
919 2159 1183 2226 πολέμιον
1218 2161 1411 2213 αὐτίκα
1443 2159 1944 2229 ἀποκριθήσεσθαι;

258 2248 372 2301 ἀλλ’
421 2249 488 2301 ἐῶ
522 2251 651 2311 τοὺς
683 2250 902 2314 ἄλλους,
935 2249 1092 2300 αὐτοὶ
1126 2248 1191 2301 δέ
1227 2268 1287 2316 γε
1329 2250 1479 2316 ἡμεῖς
1513 2249 1711 2309 οἵτινες
1747 2244 1943 2299 εἰώθα-

190 2359 232 2392 2⁶
257 2358 358 2406 μεν
397 2337 479 2390 ἀεὶ
521 2338 728 2404 σώζειν,
770 2337 821 2390 εἴ
857 2357 938 2399 τις
979 2339 1236 2405 δεόμενος
1275 2338 1437 2404 ἵκετο,
1478 2346 1591 2398 πῶς
1630 2334 1707 2388 ἔτι
1753 2342 1847 2401 τῆς
1886 2333 1943 2387 ἐκ

377 2502 430 2540 23
466 2499 521 2541 cf.
554 2514 599 2554 p.
626 2503 695 2551 65,
717 2503 784 2541 13.
817 2498 959 2541 Thuc.
984 2497 1027 2539 ΙΙ
1051 2501 1121 2548 49,
1142 2502 1178 2538 1.
1213 2496 1233 2538 Ι
1257 2501 1297 2549 3,
1315 2500 1343 2539 4

379 2650 402 2687 2
453 2644 793 2701 ἀλλαξαμένους
839 2644 1004 2700 scripsi
1048 2658 1072 2687 c
1107 2644 1206 2687 LV
1283 2641 1614 2697 ἀλλαξαμένοις
1661 2640 1798 2684 Schm

261 2710 283 2747 7
318 2702 502 2758 ὑποψία
536 2705 700 2759 scripsi
733 2718 757 2748 e
794 2705 832 2746 V
889 2702 1126 2758 ὑπεροψία
1152 2702 1194 2745 L
1221 2701 1357 2744 Schm
1482 2705 1533 2743 10
1566 2700 1625 2756 μὴ
1659 2699 1709 2742 δὲ
1745 2700 1814 2755 V!
1842 2701 1944 2743 δια-

257 2771 393 2807 τοῦτο
431 2764 471 2806 V
610 2769 659 2805 11
697 2763 754 2818 μὴ
790 2761 832 2807 δ’
875 2764 915 2806 V
959 2764 964 2818 1
1015 2762 1074 2818 μὴ
1107 2760 1158 2805 δὲ
1191 2762 1232 2803 V
1374 2765 1427 2802 19
1459 2765 1771 2816 τομεταταῦτα
1797 2757 1896 2801 LV
1936 2757 1940 2814 1

259 2821 468 2875 ἐθελήσει.
500 2822 663 2877 scripsi
697 2822 798 2864 coll.
832 2836 875 2876 p.
904 2826 972 2875 78,
991 2826 1046 2863 25
1110 2818 1306 2877 ἐθελήσῃ
1333 2819 1428 2863 LV
1456 2818 1594 2861 Schm
1727 2822 1779 2859 21
1814 2824 1945 2873 χεῖρα

260 2881 425 2936 scripsi
458 2895 483 2924 e
509 2881 605 2924 LV
659 2887 816 2937 χεῖρας
847 2880 985 2923 Schm
1109 2884 1162 2923 23
1196 2876 1565 2932 ἀποκριθήσεται
1599 2877 1641 2920 V
