2010 3168
174 123 285 176 454
640 122 867 167 LIBANII
897 123 1285 168 DECLAMATIO
1317 123 1466 170 XXIV

174 254 244 326 ἤν
284 262 642 328 φυλαχθῆναι
681 266 745 329 τῇ
778 259 1009 329 Σπάρτῃ
1048 261 1109 313 τὸ
1151 262 1409 330 φρόνημα
1447 259 1537 314 καὶ
1569 262 1672 331 τὴν
1701 264 1865 315 πόλιν

176 349 364 417 ἄρχειν
404 343 585 416 ὧνπερ
625 346 716 400 καὶ
755 350 1028 418 πρότερον
1065 348 1099 417 ἢ
1131 350 1460 403 τούναντίον
1490 350 1866 421 ἀνελεύθερον

175 438 319 506 ἔχειν
359 437 601 506 εἰρήνην,
641 438 733 490 ἵνα
770 440 845 507 μή
881 458 988 505 μου
1028 439 1089 491 τὸ
1137 437 1266 491 δέον
1313 438 1585 509 ἀνέχησθε
1624 443 1866 508 συμβου-

176 527 458 589 λεύοντος;
516 525 598 578 15.
641 527 687 579 εἰ
726 530 921 580 τοίνυν
967 528 1028 580 τὸ
1078 530 1366 598 συμφέρον
1411 527 1619 592 ἐκεῖνος
1656 527 1866 582 ἐννοῶν

131 636 151 668 5
178 614 350 667 ἐτίθει
403 615 502 667 τὸν
555 617 753 682 νόμον,
810 614 914 684 ἐγὼ
970 613 1030 668 δὲ
1083 618 1219 684 πρὸς
1274 617 1528 670 εὔκλειαν
1581 617 1721 687 ὁμοῦ
1775 616 1870 672 καὶ,

175 705 313 772 πρὸς
353 703 663 774 ἀσφάλειαν
709 703 857 774 ὁρῶν
904 712 969 775 τῇ
1015 707 1172 758 πόλει
1221 703 1527 776 παρῄνεσα,
1577 707 1748 776 δῆλον
1795 707 1866 769 ὡς

177 791 318 864 ἔργῳ
359 793 616 862 φυλάττω
656 795 786 855 τοὺς
825 796 1031 860 νόμους
1069 793 1159 847 καὶ
1200 796 1301 864 τὴν
1339 797 1620 849 πολιτείαν
1653 796 1867 866 εὐεργε-

177 892 265 934 τῶ.
305 883 441 952 πρὸς
481 881 509 935 ὃ
549 882 639 934 καὶ
679 885 1009 951 Λυκοῦργος
1050 883 1197 953 ὁρῶν
1237 884 1555 951 ἐνομοθέτει
1601 893 1716 947 τοῖς
1755 885 1867 937 Λά-

119 1003 122 1007 ·
177 986 363 1024 κωσιν.
410 970 438 1024 ὁ
485 972 589 1039 γὰρ
640 965 722 1033 οἷς
763 971 791 1024 ὁ
840 973 1008 1041 νόμος
1055 971 1234 1026 ἐθέλει
1281 983 1395 1036 τοῖς
1433 971 1618 1043 ἔργοις
1669 973 1868 1042 ὑπηρε-

113 1081 155 1114 10
179 1070 291 1113 τῶν
330 1057 491 1123 οὗτος
531 1060 769 1130 ἀκριβῶς
807 1062 905 1114 τὸν
945 1063 1153 1115 σκοπὸν
1191 1070 1290 1116 τοῦ
1321 1062 1634 1132 νομοθέτου
1666 1062 1868 1131 φυλάτ-

178 1168 276 1218 τει,
315 1149 419 1202 κᾶν
457 1151 528 1219 μὴ
571 1160 893 1218 συμφωνεῖν
932 1152 1066 1222 δοκῇ
1105 1160 1221 1214 τοῖς
1254 1152 1545 1222 γράμμασι.
1588 1151 1669 1204 16.
1702 1154 1870 1204 ποιάν

180 1234 283 1291 οὖν
337 1240 481 1301 εἰκὸς
533 1237 753 1306 ἡλικίαν
807 1238 1156 1305 ἐκδε’ξασθαι;
1210 1243 1288 1303 είς
1341 1249 1504 1294 ποῖον
1559 1237 1619 1293 δὲ
1672 1241 1869 1310 καιρὸν

182 1327 436 1389 δουλείας
479 1327 941 1397 προσδοκωμένης
994 1331 1124 1391 τοὺς
1180 1331 1380 1396 λόγους
1434 1328 1766 1399 φυλακτέον;
1821 1331 1869 1382 εἰ

181 1416 282 1485 μὲν
335 1416 440 1484 γάρ
495 1435 577 1478 τις
623 1425 736 1468 τῶν
782 1419 1185 1487 γεγηρακότων,
1233 1418 1330 1480 οὓς
1377 1420 1470 1472 διὰ
1516 1420 1613 1472 τὸν
1667 1419 1871 1488 χρόνον

115 1526 157 1559 15
183 1504 291 1574 φῂς
329 1505 390 1557 τὸ
432 1503 562 1558 δέον
602 1505 946 1575 ἐπίστασθαι,
985 1507 1283 1576 παρελθὼν
1315 1504 1434 1560 εἶπέ
1462 1527 1514 1560 τι
1548 1508 1871 1560 Λακωνικὸν

182 1594 271 1646 καὶ
317 1601 413 1662 τῆς
462 1593 740 1664 ἐμπειρίας
793 1605 904 1648 τῶν
957 1597 1291 1665 πραγμάτων
1347 1596 1592 1664 ἐπάξιον,
1648 1598 1872 1659 δικαίως

183 1683 253 1736 ἂν
291 1683 519 1751 ἠγάπων
556 1684 658 1751 τὴν
697 1686 931 1753 σιωπήν·
971 1687 1032 1737 ἐί
1070 1685 1131 1738 δὲ
1169 1686 1382 1738 τούτων
1421 1687 1703 1754 αἱρεῖσθαι
1742 1686 1870 1737 δου-

94 1777 212 1822 RIV
228 1781 312 1820 427
362 1775 515 1825 λείαν
552 1773 976 1842 παραινούντων
1015 1774 1351 1844 αὐθαίρετον
1385 1773 1392 1846 Ι
1428 1773 1533 1842 ἐγὼ
1574 1774 1871 1844 παρεσκεύ-

185 1875 290 1914 ασα
328 1859 439 1929 μετ’
491 1860 811 1930 ἐλευθερίας
849 1863 910 1915 τὸ
951 1864 1234 1933 τρόπαιον,
1274 1867 1356 1926 τίς
1395 1864 1495 1916 οὐκ
1534 1862 1603 1916 ἂν
1644 1859 1704 1916 εὖ
1739 1883 1871 1931 φρο-

308 2056 362 2095 14
395 2067 460 2108 sq.
492 2052 629 2097 Isocr.
663 2053 852 2097 Archid.
885 2069 930 2110 p.
959 2058 1088 2097 llssa

263 2260 273 2276 Ι
306 2206 330 2245 3
364 2201 659 2305 συλλΞΙγισμὸς
691 2201 783 2246 ἀπό
815 2219 862 2247 τε
893 2208 976 2259 τῆς
1007 2200 1262 2260 [δια]νοίας
1292 2209 1374 2246 τοῦ
1399 2201 1659 2259 νομοθέτου
1688 2202 1768 2245 καὶ
1790 2208 1871 2245 τοῦ

187 2276 440 2317 φευγοντος

307 2413 332 2451 3
365 2410 472 2467 μου]
506 2425 559 2464 με
591 2410 646 2452 οὐ
672 2411 726 2453 Η
757 2411 762 2466 1
797 2410 848 2454 τὸ
882 2408 990 2454 δέον
1023 2424 1096 2454 om
1129 2411 1175 2454 B
1209 2411 1214 2465 Ι
1254 2408 1444 2468 ἀνέχητε
1470 2410 1527 2454 H
1640 2413 1666 2451 4
1699 2407 1874 2457 ἐκεῖνος

190 2470 279 2512 Ma
312 2468 393 2512 sed
426 2485 447 2517 ς
479 2468 570 2511 add
602 2468 671 2511 m²
791 2474 816 2512 5
848 2470 956 2520 τοὺς
988 2467 1159 2524 νόμους
1182 2470 1241 2513 Η
1275 2469 1281 2526 Ι
1317 2468 1403 2525 ἐγώ
1435 2484 1482 2511 τε
1507 2469 1565 2512 H
1619 2467 1758 2524 ἔγωγε
1785 2468 1874 2510 Μα

194 2527 324 2571 ΟΖΒα
351 2530 356 2584 Ι
386 2526 496 2583 ἐμοῦ
521 2529 599 2571 Βα
734 2533 758 2570 6
793 2530 929 2583 δῆλος
954 2528 1140 2572 HClBa
1262 2533 1284 2570 7
1320 2528 1566 2584 εὐεργετῶν
1591 2527 1669 2570 Ba
1788 2531 1812 2569 9
1848 2525 1871 2569 ὃ

192 2586 279 2642 γὰρ
306 2613 360 2619 -
388 2591 439 2630 11
474 2586 704 2643 γράμμασι
737 2588 854 2630 citab
884 2587 1117 2630 Macarius
1149 2587 1214 2630 fol
1247 2592 1326 2630 81V
1362 2589 1367 2643 Ι
1410 2587 1654 2642 ὑπηρετεῖν
1678 2587 1757 2630 Βα

194 2650 244 2688 11
281 2647 396 2702 δοκῇ
431 2646 594 2702 scripsi
627 2660 731 2688 cum
762 2646 974 2689 Iacobsio
1005 2646 1118 2689 Lect
1151 2651 1231 2689 121
1269 2647 1315 2689 ct
1347 2646 1503 2689 Gasda
1571 2642 1733 2700 δοκοίη
1764 2643 1874 2687 libri

193 2705 275 2748 sed
306 2721 350 2748 οι
381 2705 431 2747 in
461 2719 535 2747 ras
561 2705 706 2758 Laur,
738 2705 898 2748 Macar
927 2705 1018 2748 cdd
1047 2707 1052 2761 Ι
1080 2713 1176 2755 τοῖς
1207 2719 1282 2748 om
1314 2705 1415 2748 Mor
1449 2707 1454 2760 Ι
1489 2702 1725 2760 πράγμασι
1748 2704 1874 2747 ΒαΒ

249 2762 513 2819 πράγμασιν
552 2764 710 2807 Macar
853 2769 906 2807 12
951 2764 1073 2814 εἰκὸς
1105 2760 1232 2823 (ἦν)
1266 2764 1370 2807 coni
1403 2763 1558 2807 Gasda
1702 2766 1754 2805 13
1788 2778 1874 2818 φυ-

192 2821 383 2866 λακτέον
409 2823 573 2878 scripsi
635 2822 891 2878 ἐφύλαττον
915 2822 1024 2866 libri
1049 2823 1139 2867 edd
1263 2827 1316 2866 15
1346 2822 1438 2879 φὴς
1461 2821 1570 2865 libri
1593 2821 1683 2864 edd
1711 2821 1717 2878 Ι
1746 2817 1874 2865 εἶπεν

192 2882 249 2923 Η
388 2886 439 2924 17
483 2880 541 2925 ἂν
571 2882 746 2926 inserui
778 2897 801 2925 e
826 2884 871 2926 B
913 2896 1017 2925 cum
1049 2881 1204 2926 Gasda
1281 2896 1355 2930 om
1392 2880 1561 2941 reliqui
1598 2879 1706 2927 libri
1738 2879 1829 2926 edd
1864 2879 1869 2938 Ι

194 2938 408 2986 δουλείαν
441 2941 678 2997 αἱρεῖσθαι
704 2941 925 2992 ΜαΟΖΒα,
