2010 3168
206 99 316 152 630
673 106 900 152 LIBANII
923 109 1322 157 DEGLAMATIO
1355 114 1482 158 XXX
1513 147 1515 150 <

206 241 343 295 ὥστε
382 263 447 310 με
486 243 716 315 ἀπορεῖν
755 245 845 300 καὶ
878 250 1288 317 σπαράττεσθαι
1321 259 1566 319 πανταχῆ
1607 259 1670 322 τῇ
1704 252 1895 323 γνώμῃ

205 333 597 401 στρεφόμενον.
638 333 811 397 ὡςδὲ
843 334 1051 405 ἐξῆλθέ
1093 355 1225 390 ποτε
1264 339 1498 407 φαιδρὸς
1537 338 1626 391 καὶ
1665 341 1897 409 μειδιῶν

202 419 294 472 καὶ
335 420 522 491 φέρων
561 422 647 476 ε’πὶ
687 432 785 478 τοῦ
817 426 1116 495 προσώπου
1148 435 1260 479 τῶν
1298 425 1466 480 ἔνδον
1496 428 1728 497 ἀγαθῶν
1760 430 1896 499 σύμ-

203 511 397 579 βολον,
444 512 816 583 προσδραμὼν
862 513 967 583 ἐγὼ
1015 517 1104 568 καὶ
1132 519 1316 585 ,ζητῶν
1355 515 1440 585 ἐφ’
1487 517 1593 590 ὅτῳ
1632 518 1895 587 κρύψειεν

157 618 179 651 5
204 597 419 667 ἑαυτόν,
460 598 632 670 σαφὲς
670 599 772 669 μὲν
810 605 1016 672 ἤκουον
1068 602 1237 658 οὐδὲν
1275 604 1518 674 οὐδέπω,
1565 607 1663 659 τὸν
1701 605 1749 659 δ’
1797 608 1894 660 ἄν·

201 694 437 758 θρωπον
473 694 700 754 πολλοῖς
739 691 999 762 εὕρισκον
1037 695 1346 764 τεκμηρίοις
1392 696 1562 748 ἄλλον
1604 694 1895 765 γεγενημέ-

201 797 317 830 νον.
373 778 457 831 22.
507 778 752 833 ἐνταῦθά
804 800 888 844 τις
937 781 1265 851 -ἐξελάλησεν
1317 784 1391 846 ὡς
1441 785 1815 853 πεπλοςύτηκεν
1863 785 1892 838 ὁ

201 870 411 935 γείτων.
475 867 566 920 καὶ
627 869 730 922 οὐκ
784 868 1068 933 ἐψεύσατο.
1123 872 1374 942 καθάπερ
1437 874 1540 942 γὰρ
1597 874 1743 947 αὐτῷ
1798 882 1895 942 τῆς

201 964 301 1023 γῆς
347 965 556 1026 χρυσοῦ
605 960 782 1027 πηγὰς
820 959 1147 1029 ἀναδούσης
1200 961 1379 1014 πάντα
1431 964 1608 1015 πολλὰ
1660 962 1750 1015 καὶ
1803 983 1894 1030 με-

135 1066 179 1098 10
203 1045 364 1114 γάλα,
419 1045 509 1099 καὶ
563 1056 675 1100 τῶν
727 1047 1043 1118 ὑποκριτῶν
1097 1049 1359 1119 ὀξύτερον
1404 1052 1465 1104 τὸ
1512 1059 1690 1120 σχῆμα
1734 1071 1894 1121 μετα-

202 1133 482 1203 βέβληκεν.
531 1135 559 1189 ὁ
599 1138 851 1205 κεκυφὼς
897 1138 1181 1208 ὤρθωται,
1222 1138 1255 1192 ὁ»
1291 1141 1706 1209 σκυθρωπάζων
1743 1145 1893 1211 γελᾷ,

203 1222 231 1276 ὁ
273 1232 367 1292 τῆς
422 1224 598 1293 Τύχης
652 1229 952 1297 κατήγορος
982 1235 1112 1280 Υνῦν
1141 1227 1474 1296 ἐπαινέτης,
1522 1228 1550 1283 ὁ
1591 1227 1785 1300 πρῴην
1831 1229 1893 1283 ἐν

202 1312 413 1380 ῥακίοις
451 1320 558 1366 νῦν
596 1315 697 1383 τὴν
738 1315 892 1385 ἱερὰν
931 1315 1140 1384 ἐσθῆτα
1179 1326 1357 1385 φορεῖ.
1397 1327 1586 1385 νῖκαι,
1612 1318 1891 1388 στέφανοι.

201 1400 326 1470 περὶ
365 1403 461 1465 τὰς
499 1403 681 1470 θύρας
720 1404 923 1458 οἰκέται
964 1405 1307 1459 διαθέουσιν.
1347 1408 1637 1476 ὤσφροντο
1677 1416 1773 1477 τῆς
1804 1408 1892 1461 εὐ-

323 1523 376 1562 13
410 1519 467 1562 cf.
499 1519 629 1564 Dem.
662 1521 775 1564 Mid.
809 1537 855 1577 p.
869 1526 981 1577 519,
999 1526 1053 1564 27

324 1630 378 1668 14
412 1624 731 1682 ὄσφροσμαι
762 1613 989 1670 κάλλιον
975 1624 1001 1681 ἠ
1036 1624 1445 1682 ὀσφραινομαι,
1479 1627 1539 1677 ὡς
1561 1628 1643 1671 καὶ
1666 1627 1892 1683 ἐνταῦθα,

202 1682 557 1741 ὀσφρόμενος
588 1686 639 1729 δὲ
671 1686 752 1729 καὶ
784 1685 857 1728 ἐπι
893 1685 1140 1737 ἐνεστῶτος
1171 1686 1275 1730 ἀντὶ
1313 1693 1395 1729 τοῦ
1436 1685 1892 1762 ὀσφραινόμενος

201 1744 282 1788 καὶ
322 1743 398 1787 ἐπὶ
437 1741 577 1799 μέσου
615 1745 720 1789 ἀντὶ
758 1751 840 1790 τοῦ
881 1744 1334 1801 ὄσφρησάμενος·
1383 1745 1474 1789 ἔστι
1514 1745 1627 1801 γὰρ
1646 1746 1701 1789 οὐ
1745 1743 1892 1802 μόνον

203 1817 412 1890 ὄσφῶρω
445 1817 560 1861 ἀλλὰ
591 1819 672 1862 καὶ
712 1818 927 1874 ὀσφρεω
963 1819 1149 1892 ὀσφρῶ
1183 1815 1244 1862 οὗ
1279 1818 1302 1863 ὁ
1328 1809 1357 1876 β
1388 1815 1604 1874 ἀόριστος
1643 1814 1889 1875 ὦσφρον,

203 1877 226 1919 ὁ
259 1875 398 1933 μέσου
431 1875 733 1934 ὠσφρόμην
764 1880 844 1922 καὶ
877 1878 1253 1934 ὀσφρόμενος,
1286 1879 1336 1922 τὸ
1370 1877 1421 1922 δὲ
1455 1878 1891 1950 ὀσφρησάμενος

201 1935 452 1980 ἀνάττικον
483 1936 532 1980 in
563 1951 696 1995 marg
719 1939 764 1981 B

323 2046 344 2083 1
391 2040 613 2097 γενέσθαι
649 2041 707 2083 V
689 2057 706 2084 ι
746 2042 827 2085 sed
866 2026 1177 2096 ταράττεσθαι
1208 2041 1257 2084 in
1296 2055 1429 2098 marg
1467 2041 1550 2094 m',
1589 2042 1642 2086 Ol
1720 2041 1888 2096 ταράτ-

199 2103 366 2144 τεσθαι
400 2101 468 2144 Va
510 2104 517 2154 Ι
558 2106 773 2174 πανταχῆ
800 2127 854 2133 -
880 2106 905 2144 2
940 2101 1254 2156 στρεφόμενον
1287 2115 1363 2144 om
1394 2100 1464 2143 Va
1499 2101 1505 2158 Ι
1539 2107 1593 2157 τῇ
1626 2115 1701 2144 om
1733 2101 1846 2145 Viol
1880 2100 1884 2159 Ι

200 2159 382 2215 γνώμης
413 2159 526 2204 ViC'l
646 2165 671 2203 2
705 2157 750 2203 δ’
781 2161 839 2204 H
844 2161 927 2204 VB
961 2161 968 2218 Ι
1005 2161 1217 2215 φαιδρῶς
1240 2161 1347 2204 HV
1461 2164 1486 2203 3
1519 2159 1779 2217 σύμβουλον
1806 2161 1890 2204 Mo

210 2219 268 2263 Vi
410 2223 436 2261 4
467 2216 618 2274 ἐφότω
654 2220 710 2263 Vi
759 2223 764 2272 Ι
814 2219 1041 2275 κρύψοιεν
1073 2220 1144 2263 Va
1280 2223 1305 2261 5
1337 2218 1482 2262 αὐτὸν
1509 2219 1643 2262 MLa
1655 2219 1845 2263 ViGlVa

202 2276 330 2321 οὔπω
349 2278 512 2323 PViol
535 2278 653 2321 sed
640 2293 691 2321 m
714 2279 802 2321 hoo
827 2291 883 2322 ex
909 2276 1020 2322 εἴπω
1046 2292 1146 2322 corr
1169 2277 1252 2332 1114,
1281 2279 1348 2322 Va
1373 2280 1420 2322 et
1444 2295 1497 2334 γρ
1522 2278 1571 2320 in
1595 2292 1728 2334 marg
1752 2278 1853 2322 Mor

199 2336 250 2380 τὸ
264 2338 316 2381 Ol
342 2340 348 2392 Ι
377 2337 427 2380 δὲ
437 2337 616 2381 PMLa
629 2337 740 2382 122OE
749 2339 818 2381 Va
835 2337 925 2382 edd
1028 2342 1052 2381 6
1073 2336 1263 2391 εὑρίσκω
1278 2338 1328 2382 ΟΖ
1382 2336 1587 2392 εὑρήσκω
1601 2338 1669 2381 Va
1773 2341 1796 2379 7
1817 2337 1889 2381 ἐν·

199 2399 361 2439 ταῦθα
377 2394 446 2446 τίς
465 2396 604 2440 MoOl
726 2401 749 2439 9
776 2403 946 2453 χρυσοῦ
965 2410 1038 2440 om
1059 2397 1142 2440 Mo
1154 2397 1224 2440 Va
1251 2402 1256 2450 Ι
1285 2395 1403 2439 καλὰ
1423 2397 1467 2440 Ρ
1586 2401 1639 2439 10
1663 2396 1714 2440 τὸ
1740 2402 1889 2452 σχῆμα

202 2454 419 2510 ὀξύτερον
450 2455 552 2499 Mor
582 2455 665 2498 sed
700 2457 830 2513 „leye,
862 2462 913 2500 at
943 2457 995 2499 in
1026 2457 1119 2500 alio
1153 2457 1296 2513 Reqio
1319 2457 1537 2510 seriptum
1561 2461 1636 2508 est,
1670 2454 1888 2510 ὀξύτερον

200 2514 251 2557 τὸ
284 2515 460 2571 ’σχῆμα“
486 2513 584 2558 Not
608 2514 631 2556 f
650 2513 691 2556 V
815 2520 865 2558 11
895 2515 1173 2568 σκυθρωπὸς
1198 2514 1281 2559 Mo
1404 2519 1456 2557 12
1491 2513 1731 2569 ἐπαινετὴς
1759 2515 1841 2558 Mo
1878 2514 1882 2571 Ι

199 2574 360 2629 πρώην
376 2573 486 2616 libri
503 2573 594 2616 edd
718 2578 771 2616 13
797 2581 883 2618 νῦν
900 2574 1072 2617 inserui
1090 2574 1234 2617 eBM
1292 2588 1366 2617 om
1376 2575 1434 2617 H
1438 2574 1684 2617 VMoPLa
1694 2573 1807 2617 Vioz
1818 2574 1886 2617 Va

200 2632 291 2675 edd
319 2634 325 2687 Ι
354 2629 481 2676 νίκαι
499 2633 557 2676 H
562 2633 872 2677 VMoBMLa
883 2633 994 2677 Vzoz
1005 2633 1047 2675 V
1044 2647 1074 2676 a
1098 2632 1189 2676 odd
1216 2635 1222 2688 Ι
1251 2645 1430 2676 comma
1455 2634 1562 2675 ante
1584 2632 1690 2686 περὶ
1707 2631 1886 2675 PMLa

204 2691 255 2735 Ol
286 2691 376 2734 edd
437 2692 663 2748 punctum
685 2692 821 2747 posui
944 2697 999 2735 14
1025 2691 1162 2735 verba,
1187 2691 1426 2763 ὤσφροντο
1445 2717 1499 2723 -
1527 2695 1668 2743 631,1
1695 2688 1887 2740 κόλακες

200 2750 468 2805 praemissis
499 2749 651 2794 verbis
684 2749 916 2806 ὄσφρομαι
947 2750 1135 2795 κάλλιον
1165 2748 1192 2806 ἢ
1227 2746 1554 2806 ὀσφραίνομαι.
1588 2750 1811 2807 Λιβάνιος
1835 2748 1886 2792 ἐν

198 2814 253 2865 τῇ
270 2807 428 2882 μελέτῃ
444 2815 526 2853 τοῦ
544 2812 786 2877 φθονεροῦ
805 2811 920 2853 citat}
934 2810 1136 2853 Thomas
1154 2810 1277 2866 Mag.
1296 2824 1330 2852 s.
1339 2824 1381 2852 v.
1393 2807 1633 2882 ὄσφρομαι
1641 2823 1686 2863 p.
1697 2811 1797 2860 256,
1808 2808 1885 2851 6R

259 2867 499 2923 ὤσφροντο
543 2867 709 2924 scripsi
756 2881 811 2912 ex
846 2869 895 2911 H
905 2869 1258 2913 VMoBPMLa
1270 2869 1327 2912 Vi
1337 2869 1404 2912 Va
1488 2866 1716 2934 ὄσφροντο
1751 2844 1805 2910 G'l

200 2924 456 2981 ὄσφρονται
481 2926 628 2970 Thom
691 2926 954 2983 ὀσφρῶνται
986 2928 1077 2970 edd
1102 2928 1183 2971 sed
1208 2943 1261 2983 γρ
1287 2926 1526 2981 ὤσφροντο
1554 2926 1604 2968 in
1627 2939 1760 2981 marg
1784 2924 1886 2969 Mor
