2010 3168
908 386 1053 441 XIV.

246 512 556 560 Declamatio
596 511 838 573 inscripta
877 510 964 561 N6
977 529 1081 575 μος
1119 510 1219 560 τὸν
1260 510 1557 577 τύραννον
1601 510 1673 576 μὴ
1714 511 1827 560 θά-

136 590 390 635 πτεσθαι
442 583 540 634 καὶ
594 584 694 634 τὸν
739 583 1175 634 ἀποκτείναντα
1216 583 1441 649 δωρεὰν
1488 585 1826 650 λαμβάνειν.

135 660 550 747 Κάλλαισχρος
589 657 946 718 ἀποκτείνας
985 659 1237 724 Κριτίαν
1279 657 1380 708 τὸν
1427 679 1458 708 υ
1473 658 1565 708 ἰὸν
1613 679 1826 726 τυραν-

136 753 165 782 ν
174 752 200 783 ο
210 741 241 783 ῦ
252 752 281 782 ν
290 752 314 782 τ
324 753 355 782 α
393 753 424 781 α
436 733 485 781 ἰτ
494 751 515 781 ε
525 738 550 782 ἶ
581 732 711 796 θάψ
722 753 752 781 α
762 752 778 781 ι
788 771 803 798 ‚
843 750 942 796 qua
975 733 1315 782 Callaeschrus
1348 734 1409 782 ab
1440 734 1826 783 Atheniensibus

134 810 263 870 petit
293 811 351 856 ut
381 808 594 856 facultas
629 807 813 856 Critiae
843 808 937 856 filii
966 808 1247 870 tyrannidis
1278 808 1476 856 nomine
1519 808 1581 856 ab
1613 809 1721 870 ipso
1752 811 1827 856 in-

134 883 333 930 terfecti
343 875 383 948 l)
417 883 686 945 sepeliendi
719 882 812 931 sibi
843 883 1054 943 praemii
1084 883 1192 930 1000
1224 883 1384 944 detur,
1416 898 1514 930 non
1546 883 1619 930 ita
1649 884 1828 931 multo-

134 973 246 1004 rum
268 957 511 1005 lectorum
536 958 750 1020 gratiam
774 957 903 1004 iniit.
948 957 1194 1005 Numerus
1219 956 1376 1019 igitur
1399 957 1623 1005 codicum
1649 957 1827 1019 quibus

137 1031 199 1078 ad
243 1033 466 1080 nostram
513 1033 726 1079 aetatem
775 1032 1001 1092 pervenit
1010 1068 1022 1092 ,
1069 1031 1112 1079 si
1159 1046 1270 1079 cum
1324 1030 1437 1078 aliis
1482 1031 1828 1093 imprimisque

134 1105 485 1168 mythologicis
516 1103 958 1153 declamationibus
990 1107 1307 1167 comparatur
1316 1141 1328 1164 ,
1367 1121 1466 1153 non
1496 1121 1705 1168 magnus
1738 1109 1826 1154 est.

136 1179 263 1227 Sunt
294 1183 460 1227 autem
491 1179 545 1226 hi
570 1181 636 1227 24
649 1196 661 1226 :

251 1257 294 1301 1.
327 1254 666 1301 Marcianus
698 1270 770 1317 gr.
804 1254 909 1301 439
941 1246 1036 1319 (=
1062 1246 1136 1319 M)
1169 1268 1292 1301 saec.
1316 1249 1563 1318 XIIJXJH
1591 1255 1677 1303 fol.
1706 1255 1825 1302 163.

134 1328 262 1375 Vide
294 1330 328 1376 t.
354 1329 401 1375 V
431 1344 478 1389 p.
508 1330 534 1375 1
545 1328 611 1375 68
631 1343 702 1389 sq.
767 1325 980 1375 Contuli.

249 1404 296 1450 2.
335 1401 780 1450 Laurentianus
820 1401 962 1449 LVII
1002 1403 1070 1449 44
1114 1394 1208 1468 (=
1233 1397 1331 1468 La)
1365 1417 1488 1450 saec.
1513 1402 1559 1448 X
1596 1401 1682 1450 fol.
1719 1402 1826 1450 18V.

133 1475 365 1524 Pluribus
391 1476 621 1524 manibus
654 1478 904 1524 correctus
929 1478 1017 1524 est.
1063 1475 1189 1522 Vide
1206 1478 1241 1524 t.
1259 1475 1284 1522 I
1300 1492 1346 1538 p.
1367 1478 1396 1523 2
1406 1478 1434 1523 2
1442 1477 1474 1523 4
1491 1491 1561 1538 sq.
1612 1475 1825 1524 Contuli.

248 1551 294 1598 3.
326 1549 812 1598 Vindobonensis
847 1549 1065 1598 Philos.
1099 1551 1156 1598 et
1187 1550 1402 1598 Philol.
1427 1549 1501 1597 IV
1528 1552 1595 1598 82
1625 1545 1718 1616 (-—-
1738 1544 1825 1616 Vi)

255 1708 297 1762 1)
330 1705 525 1750 Critiam
557 1719 585 1750 a
609 1705 904 1750 Callaeschro
935 1707 1069 1762 patre
1101 1705 1402 1750 interfectum
1426 1719 1526 1750 esse
1550 1718 1705 1749 rerum
1729 1720 1827 1749 me-

134 1765 311 1810 moriae
332 1767 577 1823 repugnat
625 1765 748 1808 Nam
773 1779 878 1808 eum
903 1765 952 1809 in
976 1764 1155 1821 proelio
1181 1765 1242 1809 ad
1266 1765 1555 1809 Munichiam
1581 1765 1826 1809 commisso

135 1824 358 1869 cecidisse
381 1825 619 1868 tradentes
646 1823 945 1869 consentiunt
967 1837 1121 1868 rerum
1149 1825 1397 1881 scriptores
1421 1823 1680 1881 Xenophon
1703 1823 1825 1868 Hell.

133 1884 189 1939 Π,
215 1888 331 1937 4,19
379 1883 529 1939 ὥσπερ
568 1884 660 1928 ὑπὸ
700 1881 866 1940 μοίρας
904 1883 1031 1935 τινὸς
1069 1882 1297 1942 ἀγόμενος
1335 1883 1601 1940 ἐκπηδήσας
1645 1891 1828 1939 πρῶτος

135 1943 342 1998 ἐμπεσὼν
373 1950 470 1995 τοῖς
507 1941 743 1999 πολεμίοις
773 1941 1081 1998 ἀποθνήσκει,
1106 1942 1346 1987 Cornelius
1382 1943 1540 1999 Nepos
1564 1943 1723 1986 Thrae.
1743 1947 1784 1997 2,
1799 1947 1825 1986 6

134 2004 186 2047 iu
216 2003 409 2047 secundo
440 2003 617 2058 proelio
648 2003 809 2047 cecidit
833 2002 1002 2046 Critias
1033 2003 1131 2046 dux
1164 2008 1484 2060 tyrannorum,
1516 2016 1617 2046 cum
1648 2003 1827 2059 quidem

133 2063 406 2107 exadversus
451 2062 786 2118 Thrasybulum
827 2062 1071 2116 fortissime
1101 2067 1348 2119 puynaret,
1372 2061 1604 2105 Diodorus
1645 2061 1826 2105 Siculus

135 2120 240 2163 XIV
273 2126 349 2175 33,
393 2121 670 2177 quibuscum
718 2120 974 2164 consociari
1020 2122 1216 2177 possunt
1259 2133 1380 2178 quae
1426 2121 1638 2177 quamvis
1659 2120 1825 2196 paulo

134 2179 304 2223 tectius
337 2136 453 2224 dicqit
484 2179 796 2224 Philostratus
819 2179 901 2224 vit.
928 2179 1058 2236 soph.
1083 2180 1104 2223 I
1130 2184 1198 2233 16,
1218 2183 1243 2222 3
1275 2178 1492 2225 ἀπέθανε
1516 2180 1598 2237 μὲν
1624 2177 1709 2224 οὖν
1734 2180 1825 2224 ὑπὸ

133 2246 224 2283 τῶν
272 2240 394 2296 ἀμφὶ
446 2239 776 2298 Θρασύβουλον
832 2238 876 2282 οἳ
923 2244 1127 2310 κατῆγον
1173 2239 1266 2284 ἀπὸ
1316 2240 1470 2295 Φυλῆς
1515 2239 1598 2294 (cf
1646 2239 1827 2294 Kayser

133 2298 491 2413 ΞὴιΧῖἒῖΞυῖῗῆῖ,
497 2294 1826 2425 ffsssssst'sffssziigifflss‘{vsszffissssffi33255³5501⁷ffl

136 2416 218 2459 diu
250 2418 358 2462 ante
390 2417 639 2460 Libanium
670 2402 933 2460 rhetoribus
967 2416 1213 2471 quominus
1246 2416 1390 2460 etiam
1429 2417 1506 2460 1110
1544 2431 1698 2461 10111111
1729 2430 1825 2461 me-

134 2475 329 2519 moriam
376 2476 640 2520 desererent
674 2474 890 2532 religioni
929 2489 1022 2519 non
1060 2475 1204 2520 fuisse
1245 2476 1414 2520 docent
1451 2475 1591 2520 verba
1630 2475 1824 2519 Hermo-

135 2534 267 2589 genis
315 2536 421 2579 stat.
465 2542 484 2578 l
542 2534 896 2591 καταφυγόντος
948 2532 1141 2589 Κριτίου
1196 2534 1271 2579 ἐπὶ
1324 2533 1406 2586 τὰς
1445 2532 1691 2591 Ἁρμοδίου
1745 2535 1826 2578 καὶ

135 2591 512 2650 Αριστογείτονος
565 2592 750 2644 εἰκόνας
804 2593 1103 2651 βουλεύονται
1155 2591 1391 2651 Αθηναῖοι
1446 2594 1487 2638 εἰ
1539 2594 1626 2651 χρὴ
1679 2594 1825 2638 αὐτὸν

134 2652 355 2698 ἀποσπᾶν
387 2654 542 2710 (Rhet.
575 2668 641 2710 g.r
671 2652 734 2696 III
768 2657 808 2705 7,
828 2657 882 2696 13
900 2666 966 2708 sq.
1008 2653 1078 2696 ed.
1112 2652 1264 2708 Walz)
1298 2652 1577 2709 Sopatrique
1608 2652 1669 2696 ad
1700 2653 1824 2696 hunc

134 2709 288 2755 locum
319 2712 652 2756 commentaria
684 2711 764 2768 (ib
788 2687 851 2755 I'V
885 2716 984 2766 172,
1003 2716 1027 2754 2
1069 2713 1116 2755 et
1156 2716 1297 2768 25sq.
1353 2711 1395 2754 V
1425 2716 1478 2755 72
1498 2715 1596 2769 sq).
1661 2711 1750 2768 Sep
1753 2711 1823 2755 ul-

137 2783 266 2813 crum
299 2772 454 2815 autem
488 2770 659 2815 Critiae
692 2772 1023 2814 commemorat
1053 2727 1320 2827 Xenophon
1343 2771 1374 2814 1.
1399 2770 1428 2814 1.
1463 2769 1560 2827 (καὶ
1590 2769 1824 2814 τέθαπται

136 2827 186 2872 ἐν
215 2836 270 2887 τῇ
304 2830 517 2887 διαβάσει
548 2837 630 2873 τοῦ
662 2832 907 2885 Κηφισοῦ).
971 2828 1039 2872 Ex
1069 2829 1158 2873 hoc
1188 2829 1412 2873 Libanius
1448 2829 1695 2873 nonnullas
1729 2829 1823 2872 sin-

135 2886 269 2943 gulas
301 2901 373 2932 res
404 2889 577 2932 libasse
607 2888 804 2932 videtur.

1409 2963 1465 3005 6*
