2010 3168
712 73 972 119 CEPHALI
1003 73 1227 119 ORATIO
1703 76 1807 128 125

119 212 447 281 τευομένοις.
520 212 602 264 16.
648 212 884 279 μάλιστα
929 208 1031 282 μὲν
1076 212 1181 281 γὰρ
1228 209 1359 265 οὐδὲ
1405 221 1517 265 τῶν
1573 213 1810 266 ἰδιωτῶν

120 300 304 364 οὐδεὶς
343 301 725 367 ἀδοκίμαστος,
764 296 884 353 οὐδ’
930 300 1002 353 ἂν
1039 303 1112 370 μὴ
1152 307 1341 371 κριθῇ,
1380 301 1576 354 πολλοὶ
1618 298 1678 353 δὲ
1717 300 1807 354 καὶ

119 393 250 453 τοὺς
289 388 674 452 λανθάνοντας
712 389 1110 459 ἀνερευνῶσιν,
1159 391 1206 442 εἰ
1246 390 1334 442 καὶ
1374 391 1445 458 μὴ
1488 390 1711 458 λάβοιεν
1751 390 1811 443 ἐν

120 478 394 549 ἐκκλησίᾳ,
433 479 603 531 τᾶλλα
643 479 969 547 διαιτήματα
1008 477 1248 546 ἀκριβῶς
1287 479 1676 547 φυλάττοντες,
1715 481 1812 532 πό-

119 575 226 622 θεν
266 567 470 638 ἑκάστῳ
512 570 650 636 βιός,
690 570 800 620 τίσι
839 570 990 637 συζῇ,
1029 570 1162 635 μετὰ
1202 569 1372 620 τίνων
1413 569 1634 634 βαδίζει.
1673 565 1811 637 μέγα
1859 589 1878 621 5

101 655 475 725 ’δικαστήριον
520 657 547 723 ἡ
587 659 746 719 πόλις
785 664 920 709 πᾶσι
958 666 1069 710 τῶν
1108 655 1236 710 καθ’
1283 656 1491 725 ἡμέραν
1531 656 1808 726 ἐπιτηδευ-

119 748 321 815 μάτων.
362 746 496 798 ὅταν
534 742 595 798 δὲ
634 744 724 798 καὶ
762 746 828 798 τὰ
869 746 1107 814 δημόσια
1145 746 1400 816 πράττων
1439 766 1521 808 τις
1553 745 1812 815 ἀνέγκλη-

119 855 212 898 τος
243 833 333 888 καὶ
366 836 602 903 ἄληπτος
634 828 684 905 ᾗ,
716 836 936 903 μείζονα
961 835 1210 903 βάσανον
1241 836 1440 902 ταύτης
1472 835 1812 904 ἀναμενεῖτε;

119 923 208 977 καὶ
251 925 299 977 εἰ
338 920 440 992 μὲν
474 927 592 986 ε’τος
623 922 777 998 τουτὶ
810 925 1074 993 δεύτερον
1104 924 1136 992 ἢ
1169 929 1375 991 τρίτον,
1409 922 1504 993 ἀφ’
1539 919 1607 977 οὗ
1645 938 1812 994 προσ-

121 1016 367 1082 ελήλυθα
399 1020 475 1082 τῷ
502 1015 717 1081 βήματι,
743 1013 844 1066 οὐκ
876 1012 1192 1077 ἀξιόπιστος
1216 1013 1244 1067 ὁ
1271 1016 1468 1084 χρόνος
1494 1009 1656 1076 οὗτος
1682 1013 1814 1067 οὐδὲ
1839 1035 1882 1068 ιο

120 1104 440 1171 βεβαιωτής·
476 1105 526 1155 εί
558 1102 564 1171 Ι
601 1099 660 1155 δὲ
694 1100 791 1170 ἀφ’
822 1097 886 1170 ἧς
917 1101 1118 1170 ἡμέρας
1147 1102 1523 1172 ἐδοκιμάσθην
1556 1105 1633 1165 εἰς
1687 1107 1743 1151 Η.
1761 1107 1824 1150 IX
1846 1112 1903 1150 54

121 1193 327 1261 ἄνδρας
365 1190 605 1260 ἐμαυτὸν
645 1191 893 1260 ἀνέθηκα
931 1197 1007 1263 τῷ
1040 1193 1192 1263 δήμῳ
1225 1191 1414 1262 φέρων
1445 1191 1532 1245 καὶ
1573 1192 1814 1264 διςόκηκα

120 1282 221 1347 μὲν
283 1281 449 1334 οὐδὲν
500 1280 528 1332 ὅ
584 1301 636 1333 τι
685 1280 786 1333 οὐκ
834 1276 921 1346 εὖ,
967 1283 1341 1351 κατηγόρημαι
1398 1278 1445 1334 δ’
1494 1279 1663 1335 οὐδὲν
1715 1280 1809 1334 ὑπ’

122 1370 368 1437 οὐδενός,
409 1371 586 1422 καίτοι
625 1370 795 1437 κάμοί
830 1369 974 1433 τινές
1015 1373 1157 1424 εἰσιν
1204 1370 1424 1441 ἐχθροί,
1472 1371 1669 1438 ἥττους
1713 1371 1814 1438 μὲν

57 1516 61 1519 ,
121 1458 154 1527 ἢ
194 1460 370 1531 τούτῳ
411 1465 485 1532 τῷ
520 1462 990 1529 φιλαπεχθήμονι,
1043 1459 1149 1513 εἰσὶ
1190 1459 1237 1512 δ’
1287 1460 1448 1527 ὅμως,
1488 1462 1546 1513 οί
1580 1458 1681 1529 μὲν
1721 1458 1811 1529 ἐφ’
1840 1482 1881 1514 15

122 1542 204 1611 οἷς
258 1547 622 1617 ἐκωλύθησαν
674 1547 766 1601 ὑπ’
829 1547 964 1618 ἐμοῦ
1021 1549 1416 1618 λελυπημένοι,
1471 1550 1529 1602 οἱ
1587 1547 1646 1602 δὲ
1707 1550 1814 1619 πρὸ

122 1636 256 1703 ἐμοῦ
296 1638 558 1707 τετάχθαι
598 1637 878 1702 θέλοντες,
919 1640 977 1690 οἱ
1012 1638 1071 1691 δὲ
1113 1645 1479 1707 φθονοῦντες,
1520 1637 1637 1692 ἀλλ’
1686 1636 1853 1692 οὐδε

123 1729 284 1780 σκιὰν
310 1727 666 1797 εὑρίσκουσιν
691 1727 1042 1796 ἐγκλήματος,
1068 1724 1174 1797 ἀρά
1200 1748 1258 1795 γε
1284 1729 1649 1797 ἀδοκίμαστος
1674 1724 1821 1781 εἷναί

123 1829 212 1869 σοι
253 1817 420 1885 δοκῶ;
475 1817 558 1869 17.
599 1816 700 1869 οὐκ
740 1816 810 1869 ἂν
848 1815 1130 1887 ἐφρόνουν
1176 1817 1316 1886 μέγα
1362 1820 1433 1886 μὴ
1481 1821 1720 1887 κριθείς,
1770 1819 1816 1870 εἰ

122 1915 233 1959 τῶν
281 1907 684 1958 ἰδιωτευόντων
731 1926 812 1969 τις
858 1902 951 1974 ἦν,
1000 1903 1132 1959 οὐδὲ
1178 1908 1283 1975 γὰρ
1332 1907 1665 1975 στρατιώτης
1716 1903 1815 1970 ἔξω
1843 1928 1884 1959 20

124 1995 319 2063 βέλους
372 1997 562 2061 μείνας
617 1995 681 2047 οὐ
733 1996 1060 2062 θαυμαστὸν
1113 1997 1161 2048 εἰ
1215 1997 1287 2064 μὴ
1342 1995 1622 2065 τέτρωται·
1672 1997 1720 2049 εἰ
1768 1994 1815 2047 δ’

125 2084 289 2153 ὁμόσε
328 2092 446 2146 τοῖς
485 2084 691 2146 δεινοῖς
733 2084 835 2137 ἰὼν
871 2083 1160 2147 ὑποτιθεὶς
1206 2085 1304 2137 τὸν
1354 2086 1499 2138 ἴδιον
1549 2086 1818 2138 κίνδυνον

125 2173 304 2241 δήμου
373 2173 628 2244 θορύβῳ,
698 2174 1054 2241 συκοφάντου
1122 2176 1350 2246 φθόνῳ,
1420 2175 1586 2244 τύχης
1645 2182 1816 2246 καιρῷ

126 2262 363 2329 ἄτρωτός
404 2262 513 2329 εἰμι
553 2270 670 2324 ταῖς
710 2263 993 2329 διαβολαῖς
1040 2262 1141 2332 οὐχ
1187 2258 1356 2331 ἧττον
1396 2263 1426 2332 ἢ
1466 2264 1566 2316 τὸν
1606 2268 1818 2316 Αἴαντα

246 2413 296 2451 11
324 2408 459 2452 Isocr.
481 2421 632 2463 areop.
652 2422 695 2463 p.
718 2412 859 2461 147a3
893 2408 1083 2464 panath.
1102 2424 1146 2465 p.
1168 2413 1289 2453 2380
1412 2413 1466 2452 15
1492 2409 1548 2453 cf.
1568 2424 1612 2465 p.
1634 2413 1732 2462 128,
1749 2414 1815 2452 16.

127 2466 253 2510 Dem.
289 2483 331 2523 p.
363 2471 462 2522 701,
482 2472 536 2510 25
660 2471 714 2509 22
750 2466 877 2511 Dem.
911 2482 956 2523 p.
982 2472 1084 2522 420,
1105 2473 1160 2511 25

246 2604 271 2642 3
316 2601 394 2644 καὶ
437 2599 603 2656 scripsi
643 2613 667 2643 e
703 2602 789 2645 Ma
866 2600 917 2645 δὲ
949 2603 995 2646 Ρ
1068 2601 1125 2658 δὴ
1171 2601 1281 2646 olim
1326 2601 1492 2658 scripsi
1636 2606 1661 2644 6
1705 2608 1818 2645 πᾶσι

128 2659 290 2715 scripsi
317 2662 504 2703 auctore
531 2659 704 2703 Cobeto
766 2667 892 2703 πᾶσα
918 2661 1055 2705 ΜαΡ
1080 2662 1085 2717 Ι
1114 2659 1390 2717 καθημέραν
1411 2662 1457 2705 Ρ
1574 2664 1600 2703 8
1633 2660 1818 2716 signum

127 2718 506 2775 interrogationis
530 2719 666 2775 posui
691 2732 715 2762 e
743 2719 831 2764 Ma
893 2719 1026 2763 colon
1051 2721 1096 2764 P
1215 2725 1268 2763 13
1303 2718 1371 2764 ὅτι
1397 2721 1480 2764 οὐκ
1510 2717 1560 2763 εὖ
1593 2720 1758 2775 scripsi

130 2776 198 2820 ὅτι
231 2776 312 2827 οὕς
338 2778 426 2821 Μα
488 2776 556 2822 ὅτι
582 2791 684 2820 cum
709 2778 783 2821 lac
807 2783 833 2822 5
858 2777 938 2822 litt
962 2780 1009 2823 P
1031 2783 1036 2830 ἲ
1065 2778 1362 2836 κατηγόρημα
1384 2781 1427 2824 Ρ
1517 2787 1520 2789 “
1548 2784 1599 2822 19
1634 2779 1817 2834 signum

129 2836 509 2893 interrogationis
549 2837 684 2893 posui
724 2850 748 2881 e
783 2838 871 2882 Ma
944 2851 1124 2883 comma
1158 2841 1204 2883 P
1341 2843 1397 2881 20
1443 2836 1513 2889 τίς
1546 2839 1683 2882 ΜαΡ

130 2898 186 2937 23
217 2897 428 2953 θορύβου
453 2898 498 2941 Ρ
522 2899 529 2952 Ι
557 2899 854 2952 συκοφάντου
887 2897 1052 2953 scripsi
1115 2897 1327 2953 ὑφάντου
1354 2899 1492 2942 ΜαΡ
