2010 3168
629 98 1096 143 CORINTHIORUM
1130 98 1355 143 ORATIO
1803 101 1838 153 5

141 242 205 288 M
205 256 236 289 a
261 243 312 288 et
337 240 396 288 Ol
418 256 477 287 ex
502 240 658 288 altero
684 238 849 287 codice
875 231 951 304 (9)
976 238 1225 300 fluxerint,
1249 239 1343 286 Ma
1369 255 1484 288 vero
1509 240 1739 288 manibus
1763 255 1835 288 se-

143 314 303 363 cunda
334 316 385 362 et
422 315 573 362 tertia
605 330 630 360 e
661 314 729 360 M
754 314 834 361 vel
866 313 981 360 huic
1014 316 1225 376 cognato
1266 313 1431 362 codice
1471 316 1718 363 correctus
1758 316 1838 363 sit.

250 387 643 436 Necessitudinis
674 387 929 436 vinculum
961 403 1058 449 quo
1099 387 1288 435 codices
1328 388 1459 435 inter
1499 403 1549 435 se
1590 389 1839 437 coniuncti

141 465 256 511 sunt
286 463 378 510 hoc
410 462 503 510 tibi
535 461 708 509 reddet
740 464 949 509 stemma

248 1469 421 1530 Neque
462 1469 757 1518 declamatio
791 1485 820 1516 a
859 1469 1138 1517 rhetoribus
1179 1472 1230 1517 et
1267 1469 1625 1533 florilegiorum
1665 1473 1832 1518 aucto-

135 1543 271 1591 ribus
315 1545 483 1605 spreta
513 1570 585 1576 --
616 1543 872 1591 Ioannes
905 1545 1035 1591 enim
1077 1542 1370 1591 Siceliota
1410 1543 1744 1606 Doxapatri
1783 1544 1836 1593 in

137 1618 490 1666 commentario
539 1617 602 1665 ad
641 1616 968 1682 Hermogenis
1007 1615 1118 1682 περὶ
1156 1615 1387 1682 εὑρέσεως
1436 1612 1673 1683 libruml)
1713 1618 1835 1666 duos

138 1692 331 1754 amplos
360 1691 495 1740 locos
528 1692 702 1739 attulit
733 1692 898 1740 codice
929 1707 1048 1739 usus
1082 1692 1170 1753 qui
1202 1708 1259 1740 ex
1283 1707 1312 1740 a
1338 1692 1447 1753 ipso
1475 1693 1621 1740 fluxit
1633 1686 1692 1759 ²),
1715 1692 1833 1740 Ma-

138 1767 337 1814 carius
371 1759 951 1832 Ghrysocephalus3)
991 1768 1229 1827 quattuor
1267 1767 1431 1814 codice
1471 1782 1588 1815 usus
1629 1768 1832 1815 alterius

134 1839 358 1887 familiae
398 1866 492 1901 —-,
531 1841 653 1901 quin
695 1842 847 1887 etiam
888 1839 1039 1902 digna
1082 1840 1303 1888 iudicata
1350 1842 1425 1888 est
1468 1856 1497 1887 a
1543 1839 1831 1904 Gregorio

139 1913 383 1976 Cyprio,
416 1915 495 1961 cui
536 1914 845 1977 antilogiam,
878 1914 1211 1962 defensionem
1243 1914 1645 1975 Atheniensium,
1682 1930 1832 1977 oppo-

135 1991 287 2038 neret.
351 1986 509 2044 Quam
542 2003 571 2035 a
601 2004 679 2036 me
712 2004 737 2035 e
769 1987 1014 2036 Vaticano
1046 2004 1117 2051 gr.
1154 1990 1257 2037 933
1293 1988 1593 2050 descriptam
1634 1991 1680 2037 et
1723 2004 1833 2036 cum

137 2061 302 2110 codice
318 2061 552 2110 Leidensi
575 2078 646 2125 gr.
666 2062 720 2109 F.
740 2064 807 2111 49
828 2062 1078 2123 collatam,
1104 2064 1198 2110 etsi
1220 2064 1384 2110 minus
1410 2078 1559 2124 quam
1585 2065 1832 2124 exspectes

137 2135 441 2183 Libanianae
481 2136 857 2185 declamationis
896 2137 1110 2200 vestigia
1147 2138 1332 2198 premit
1378 2139 1582 2198 arteque
1630 2137 1832 2184 minime

137 2225 246 2257 eam
278 2212 482 2273 aequat,
515 2211 561 2258 ei
592 2210 851 2258 succedere
882 2210 1028 2270 iussi,
1068 2212 1360 2272 praesertim
1400 2226 1511 2258 cum
1542 2211 1831 2259 Maximus

138 2277 495 2350 Planudes4)
527 2284 792 2332 nonnullos
832 2300 890 2332 ex
930 2300 988 2332 ea
1020 2287 1270 2346 excerptos
1310 2284 1442 2333 locos
1486 2284 1672 2333 medios
1703 2285 1833 2332 inter

136 2355 438 2406 Libanianos
470 2360 705 2420 posuerit,
745 2361 803 2406 ut
842 2360 1054 2420 speciem
1091 2359 1414 2420 reliquiarum
1455 2358 1830 2407 declamationis

138 2430 423 2492 deperditae
454 2431 655 2479 Libanii
685 2432 970 2494 praebeant.

258 2615 609 2674 1)CftIIp
636 2621 706 2660 86
738 2616 915 2672 tva
944 2621 1040 2660 125

256 2679 301 2723 2)
335 2675 464 2719 Unus
495 2691 539 2732 p.
569 2680 637 2731 12,
656 2681 682 2719 5
713 2683 783 2733 τῇ,
814 2690 858 2731 p.
887 2681 956 2729 12,
976 2680 1030 2719 12
1062 2692 1124 2730 τε,
1157 2691 1201 2732 p.
1229 2681 1299 2730 22,
1319 2681 1341 2719 7
1376 2675 1640 2742 ἀνῃρήκασι
1676 2687 1829 2718 serva.-

139 2732 216 2776 vit.
287 2733 377 2778 Sed
422 2735 567 2778 codex
598 2712 910 2778 B'aroccianus
941 2749 1008 2792 gr.
1037 2739 1120 2778 175
1155 2751 1178 2779 e
1211 2749 1302 2790 quo
1336 2734 1718 2779 commentarium
1751 2734 1830 2776 de-

139 2804 302 2905 mp33
331 2793 575 2908 {5⁸31}
819 2854 852 2897 t
878 2852 919 2896 v

257 2867 784 2967 4)Cf.t.1p73.q
950 2868 996 2909 p
