2010 3168
217 110 326 163 260
626 108 894 169 [LIBANII]
925 108 1314 154 DECLAMATIO
1346 109 1498 155 XVIII

215 244 589 314 Δημοσθένει,
630 243 926 314 Λασθένης
964 245 1126 315 <καὶ>
1173 250 1230 298 εἴ
1273 265 1356 309 τις
1410 247 1575 309 ἄλλος
1634 247 1908 316 προδότης

214 332 365 387 ταῦτ’
433 332 681 404 ἐροῦσιν·
742 334 925 402 ἡμεῖς
995 335 1269 403 ἄμεινον
1339 333 1907 404 ἐπολιτευσάμεθά

215 438 358 491 σου,
405 425 848 492 Δημόσθενες.
895 431 1255 492 τοιγαροῦν
1303 422 1650 494 ἐλεύθεροι
1701 425 1908 477 διατε-

215 516 456 581 λοῦμεν
509 512 627 580 τὴν
686 514 1018 565 Φιλίππου
1074 515 1588 581 φιλανθρωπίαν
1643 508 1908 581 ἔχοντες

125 605 349 649 R1V334
399 598 405 672 l
464 599 610 653 ἀντὶ
662 609 773 669 τῆς
824 601 1152 670 πατρίδος.
1215 601 1301 654 33.
1340 599 1581 671 περιάξει
1635 602 1907 665 Φίλιππος

167 710 188 742 ⁶
211 698 490 758 πανταχοῦ
528 690 627 742 τὸν
659 691 980 759 ἄνθρωπον,
1019 688 1186 753 δείξει
1224 699 1338 752 τοῖς
1381 691 1700 759 συμμάχοις,
1741 693 1905 760 φήσει

211 786 403 831 ταῦτα·
442 786 682 831 τοῦτον
721 779 1071 847 ὠνησάμην
1110 777 1171 842 ἐξ
1212 778 1519 847 Ἀθηνῶν
1558 780 1676 832 οὐκ
1713 777 1905 847 ἔλαβε

212 867 675 936 Δημοσθένης,
731 866 863 920 ἀλλ’
914 866 943 920 ὁ
992 869 1191 937 δῆμος
1244 866 1490 937 ἔλαβεν.
1542 863 1734 942 οὗτος
1787 868 1905 922 οὐκ

212 954 489 1008 ἀπέδοτο
528 957 647 1025 τὴν
684 959 902 1024 πόλιν,
943 953 1075 1010 ἀλλ’
1114 955 1361 1010 ἐκεῖνοι
1393 964 1633 1010 τοῦτον
1663 956 1904 1026 πεπρά-

145 1064 188 1097 10
210 1059 416 1098 κασιν.
455 1047 572 1114 ἔχω
612 1046 834 1098 πάντα.
873 1046 1396 1115 προητοίμασταί
1431 1065 1540 1115 μοι
1586 1046 1655 1099 τὸ
1695 1048 1904 1114 ἔργον.

210 1133 276 1187 ἐκ
322 1141 432 1202 τῆς
478 1135 644 1202 ὠνῆς
699 1133 981 1188 ἑάλωκεν
1027 1133 1059 1203 ἡ
1107 1144 1235 1187 τῶν
1276 1133 1645 1203 Ἀθηναίων
1696 1136 1902 1198 πόλις.

208 1223 366 1276 κατὰ
438 1225 845 1292 συμβόλαιον
917 1221 1205 1292 ἐώνημαι
1277 1224 1393 1292 τὴν
1464 1225 1674 1277 πόλιν.
1743 1222 1894 1276 ταῦτ’

209 1313 406 1381 αἰσχρὰ
457 1310 549 1364 καὶ
603 1309 799 1375 ἀνάξια
851 1320 947 1381 τῆς
1007 1311 1265 1382 ἡμετέρας
1331 1313 1757 1381 φιλανθρωπίας
1810 1310 1901 1364 καὶ

207 1400 432 1470 προσέτι
470 1402 709 1471 ὄλεθρον
749 1409 898 1470 σαφῆ
938 1400 1180 1470 φέροντα
1225 1409 1290 1470 τῇ
1336 1403 1506 1454 πόλει.
1555 1403 1606 1454 εί
1648 1398 1708 1454 δὲ
1747 1400 1901 1453 κατέ-

144 1508 186 1541 15
209 1508 398 1557 χοιμεν
436 1489 623 1558 αὐτόν,
664 1490 884 1558 ἀπαθὴς
923 1489 955 1558 ἡ
996 1493 1154 1552 πόλις
1192 1487 1343 1543 ἔσται
1381 1498 1492 1542 τῶν
1529 1490 1826 1543 κινδύνων.

319 1578 406 1630 34.
441 1576 818 1632 Ὑπολείπεταί
861 1597 954 1646 μοι
1001 1580 1512 1648 παραμυθήσασθαι
1561 1567 1899 1647 Δημοσθένη

207 1667 307 1735 τὴν
345 1666 483 1736 ὑπὲρ
522 1674 618 1736 τῆς
658 1669 910 1729 δουλείας
951 1668 1327 1735 παραμυθίαν.
1368 1667 1670 1734 δουλεύεις,
1711 1668 1900 1736 Δημό-

208 1760 430 1823 σθενες,
474 1756 540 1809 οὐ
579 1765 794 1824 πρῶτος
834 1752 964 1808 οὐδὲ
1003 1757 1170 1823 μόνος
1219 1755 1279 1808 ἐν
1316 1755 1486 1825 ταύτῃ
1525 1763 1590 1825 τῇ
1631 1757 1900 1826 δυστυχίᾳ

207 1846 515 1913 γενόμενος.
571 1846 869 1913 ἄνθρωπος
923 1838 985 1898 εἶ.
1047 1847 1291 1898 ποικίλαι
1352 1853 1463 1897 τῶν
1525 1844 1900 1914 ἀνθρωπίνων

141 1953 184 1986 20
207 1933 516 2001 μεταβολαί.
563 1933 859 1986 ἐδούλευσε
911 1934 1106 1996 Νικίας
1151 1931 1180 1986 ὁ
1221 1933 1522 2002 στρατηγὸς
1569 1932 1629 1985 έν
1669 1934 1899 2004 Σικελίᾳ

206 2023 294 2073 καὶ
348 2025 757 2091 Συρακουσίοις
811 2022 1105 2075 ἐδούλευσε
1158 2020 1248 2074 καὶ
1309 2031 1492 2074 νοσῶν
1552 2019 1897 2075 ἐδούλευσεν.

327 2217 380 2256 15
413 2212 583 2270 [Dem.]
617 2211 728 2268 epit.
760 2226 805 2266 p.
833 2216 961 2264 1399,
981 2215 1048 2255 19.
1105 2212 1230 2270 Lys.]
1262 2225 1299 2255 c.
1325 2211 1500 2254 Audon.
1530 2225 1574 2266 p.
1604 2214 1702 2266 107,
1720 2215 1778 2255 24

207 2276 264 2315 20
295 2271 438 2315 Thue.
471 2271 557 2314 VII
588 2275 658 2326 86,
676 2276 716 2314 4.
749 2270 884 2314 Diod.
919 2270 1008 2315 Sic.
1034 2298 1054 2313 1
1099 2271 1141 2314 Π
1173 2274 1226 2314 19
1254 2272 1301 2315 e‘t·
1325 2275 1395 2315 27.
1429 2269 1551 2313 Plut.
1584 2269 1685 2313 Nic.
1721 2274 1836 2325 28‚4

327 2454 350 2492 1
383 2448 464 2492 καὶ
494 2448 668 2492 inserui
699 2450 886 2492 auctore
918 2447 1075 2492 Gasda
1150 2461 1225 2491 om
1256 2447 1365 2490 libri
1397 2447 1488 2491 edd
1514 2449 1521 2503 1
1550 2446 1579 2501 ἤ
1612 2446 1717 2490 coni
1747 2446 1849 2490 Mor
1885 2447 1889 2503 Ι

208 2508 298 2552 ἐστὶ
318 2509 426 2551 anbe
442 2508 673 2563 προδότης
692 2509 779 2552 Μα
900 2511 925 2549 3
950 2521 1023 2550 σοι
1042 2508 1131 2550 Ma
1252 2512 1275 2549 7
1303 2506 1571 2563 ὠνησάμην]
1590 2506 1646 2549 of.
1665 2521 1709 2561 p.
1726 2510 1894 2558 246,20

327 2571 382 2610 10
416 2565 551 2623 ἔργον
583 2565 633 2609 ἐκ
663 2574 744 2623 τῆς
778 2567 917 2622 ὠνῆς·
947 2567 1035 2610 Ma
1158 2570 1209 2609 11
1244 2566 1439 2621 ἀθηνῶν
1474 2567 1542 2610 Va
1667 2570 1720 2608 12
1754 2564 1892 2622 κατὰ]

206 2625 324 2681 πρὸς
348 2625 438 2668 Μα
581 2628 635 2667 13
666 2625 887 2680 ὑμετέρας
912 2626 1002 2669 Ma
1124 2629 1178 2668 14
1211 2632 1372 2679 σαφῶς
1405 2625 1520 2668 VaB
1555 2626 1561 2679 Ι
1589 2621 1778 2678 πατρίδι
1804 2625 1894 2668 Μα

327 2689 382 2728 16
415 2681 696 2741 Δημοσθένη
730 2684 895 2740 scripsi
927 2697 952 2727 e
987 2685 1055 2729 Va
1086 2683 1168 2726 sed
1198 2700 1226 2739 η
1265 2697 1320 2727 ex
1359 2699 1400 2727 ει
1431 2696 1533 2726 corr
1555 2681 1637 2736 m²‚
1663 2683 1738 2726 La
1813 2684 1894 2738 δη-

205 2742 481 2799 μοσθένειΒ
543 2742 841 2799 δημοσθένην
858 2744 945 2786 Μα
1007 2741 1287 2799 Δημοσθένη
1303 2742 1394 2786 edd
1515 2746 1569 2784 19
1589 2743 1671 2784 aut
1687 2739 1895 2785 ποικίλαι

207 2800 259 2845 αἱ
302 2809 395 2846 τῶν
434 2803 703 2856 ἀνθρώπων
744 2801 993 2858 μεταβολαὶ
1025 2802 1107 2844 aut
1148 2800 1359 2845 ποικίλαι
1396 2807 1486 2843 τῶν
1527 2801 1796 2855 ἀνθρώπων
1842 2799 1892 2843 αἱ

206 2858 453 2919 μεταβολαί
478 2860 775 2905 scribendum
799 2860 903 2903 coni
928 2860 995 2903 Re
1022 2863 1029 2916 Ι
1057 2858 1374 2914 ἀνθρωπίνων
1398 2859 1562 2914 scripsi
1624 2859 1893 2914 ἀνθρώπων

207 2919 318 2962 libri
349 2920 439 2963 edd
574 2925 628 2963 21
664 2917 1018 2975 συρρακουσίοις
1049 2919 1091 2961 V
1089 2920 1195 2963 aLa
1228 2919 1318 2962 edd
1345 2920 1351 2974 Ι
1379 2916 1528 2962 νόσων
1563 2919 1677 2962 VaB
