2010 3168
171 117 280 169 600
599 115 828 160 LIBANH
857 115 1250 161 DECLAMATIO
1282 116 1431 160 XXIX
1493 134 1495 137 ¹

169 251 240 306 ἐν’
276 254 474 323 μύροις
518 254 664 321 ἤμην
708 250 800 305 καὶ
852 253 1044 315 πότοις
1087 252 1178 305 καὶ
1224 252 1494 321 ὀρχήμασι
1538 250 1630 305 καὶ
1677 253 1856 306 πάντα

168 339 571 410 ἐπανηγύριζον
613 341 714 394 τὸν
751 339 990 409 ἐμαυτοῦ
1027 343 1170 410 βίον.
1233 341 1300 394 οὐ
1354 350 1466 395 τῶν
1519 339 1600 395 ἐπ’
1654 341 1860 411 ἀγορᾶς

168 431 332 499 ἥμην,
372 430 439 483 οὐ
478 439 591 483 τῶν
631 428 1046 500 ἐρανιζομένων,
1087 430 1154 483 οὐ
1193 439 1305 482 τῶν
1343 428 1434 483 ἐπὶ
1469 432 1707 499 βήματος
1749 428 1858 483 ἑτέ-

170 538 290 588 ροις
327 518 619 589 πράγματα
657 519 1035 588 παρεχόντων,
1084 519 1152 571 οὐ
1190 528 1301 571 τῶν
1339 527 1625 588 γεωργῶν,
1676 511 1760 581 οἷς
1798 517 1860 571 ἐν

125 609 362 670 5πόνοις
401 607 431 661 ὁ
470 610 614 676 βίος,
655 607 757 660 οὐκ
795 604 1034 675 ἔμπορος
1074 606 1341 676 ἐγενόμην
1387 608 1477 660 καὶ
1515 617 1629 660 τῶν
1664 609 1860 660 πλεόν-

167 715 280 749 των
331 697 433 765 τὴν
485 696 784 749 θάλατταν.
844 698 975 759 τοὺς
1036 694 1260 764 λιμένας
1315 692 1471 750 εἶδον
1530 695 1688 766 μέχρι
1748 695 1869 749 τῶν

170 785 387 854 ἰχθύων
431 787 621 852 μόνον.
673 785 742 838 οὐ
789 782 1123 853 στρατιώτης
1176 782 1245 853 ἦν
1290 786 1390 838 τὸν
1435 786 1584 854 βίον,
1637 791 1860 854 πρᾶγμα

167 874 452 927 κινδύνων
484 874 687 941 μεστὸν
717 872 810 927 καὶ
841 872 1037 943 ξιφῶν,
1077 872 1192 926 ἀλλ’
1233 873 1511 942 εὐδαίμων
1543 874 1862 943 ἄνθρωπος,

169 960 446 1033 ῥᾴθυμος,
501 961 691 1032 ἀργός,
751 963 1076 1031 παράσιτος,
1137 969 1302 1015 τοῦτο
1356 962 1424 1030 δὴ
1477 962 1539 1015 τὸ
1594 963 1862 1031 φίλτατον

103 1070 146 1104 ιο
169 1049 290 1120 ἐμοὶ
335 1051 438 1119 μὲν
483 1050 743 1118 ἀκοῦσαι,
790 1052 953 1113 ἄλλος
997 1050 1043 1103 δ’
1093 1049 1399 1115 ὀνειδιζέτω
1447 1049 1637 1119 λέγων.
1703 1048 1786 1103 15.
1825 1050 1860 1118 ἡ

169 1147 239 1208 γῆ
277 1136 382 1209 μὲν
418 1136 584 1210 ἔφερε
622 1140 689 1192 τὰ
726 1138 852 1210 παρ’
901 1139 1092 1208 αὐτῆς,
1141 1138 1367 1209 ὀπώραν
1415 1140 1507 1192 καὶ
1543 1139 1644 1193 τὸν
1680 1140 1863 1192 πολὺν

169 1229 433 1299 ἄκρατον,
485 1228 519 1297 ἡ
575 1229 833 1282 θάλασσα
887 1225 948 1281 δὲ
1001 1231 1132 1291 τοὺς
1194 1229 1395 1298 ἰχθύας
1454 1228 1710 1291 πολλούς.
1770 1225 1861 1280 καὶ

169 1315 476 1387 ξύμπαντες
519 1315 640 1385 ἐμοὶ
685 1317 787 1386 μὲν
833 1317 1057 1387 ἐθήρων
1102 1318 1161 1370 οἰ
1201 1323 1485 1386 θηρῶντες
1537 1315 1628 1370 καὶ
1681 1317 1860 1385 πτηνὰ

169 1404 261 1459 καὶ
307 1415 557 1477 χερσαῖα,
611 1406 869 1476 μάγειροί
910 1426 968 1459 τε
1021 1404 1113 1459 καὶ
1160 1405 1419 1470 ὀψοποιοὶ
1465 1407 1532 1459 τὰ
1577 1406 1723 1476 παρὰ
1767 1413 1864 1473 τῆς

105 1515 146 1550 15
170 1493 363 1564 τέχνης
401 1492 622 1564 ἔφερον,
661 1496 724 1548 ἓν
761 1493 889 1563 <δ’>
928 1497 1094 1564 ἔργον
1140 1491 1210 1565 ἦν
1258 1492 1378 1564 ἐμοὶ
1423 1495 1485 1547 τὸ
1531 1495 1631 1548 τὸν
1669 1495 1862 1564 τρόφι-

170 1603 277 1652 μον
327 1585 764 1654 προσαγορεύειν
817 1584 907 1637 καὶ
961 1589 1016 1637 εἴ
1071 1604 1124 1637 τι
1185 1585 1332 1637 πάνυ
1386 1585 1575 1654 χάριεν
1626 1579 1699 1652 ἧν
1751 1591 1864 1635 τῶν

172 1671 459 1739 ἐδωδίμων
496 1671 576 1726 ἐπ’
626 1673 855 1743 ἀγορᾶς,
901 1673 1272 1741 καταμηνύειν
1315 1681 1432 1735 τοῖς
1479 1672 1768 1736 ὀψοποιοῖς
1804 1690 1863 1723 τε

171 1761 262 1814 καὶ
293 1763 592 1831 μαγείροις,
625 1759 837 1813 ἐπιέναι
868 1771 981 1814 τῶν
1012 1765 1184 1814 οἴνων
1215 1760 1605 1828 ἀπογεύεσθαι,
1637 1761 1862 1829 δοκιμά-

175 1852 286 1914 ζειν
323 1851 453 1912 τοὺς
491 1849 810 1918 ὀψοποιούς,
840 1853 971 1912 τοὺς
1002 1849 1263 1920 ἀρίστους
1292 1848 1539 1903 ἐπαινεῖν
1569 1847 1661 1902 καὶ
1691 1867 1863 1919 παρα-

107 1960 151 1993 20
173 1942 360 1992 καλεῖν
419 1940 843 2008 φιλοτιμότερον
897 1944 1139 2009 χρῆσθαι
1192 1945 1269 2011 τςό
1325 1939 1626 2010 πράγματι,
1686 1939 1864 1991 πάντα

173 2143 190 2186 l
229 2143 246 2186 1
286 2090 318 2186 g
351 2083 469 2128 Plat.
494 2087 599 2141 rep.
623 2084 666 2127 Π
688 2099 733 2141 p.
760 2089 844 2128 373
863 2083 895 2128 C
1019 2088 1074 2128 10
1106 2084 1214 2128 Luc.
1239 2097 1389 2140 paras.
1420 2090 1441 2127 1
1462 2099 1528 2140 sq.
1653 2087 1721 2127 19.
1753 2083 1863 2127 Luc.

296 2281 319 2319 1
359 2273 540 2333 μυρίοις
568 2274 679 2319 Fcrr
710 2275 812 2320 Mor
842 2276 923 2332 qui
953 2276 1116 2333 μύροις
1146 2276 1251 2320 coni
1395 2281 1419 2320 3
1459 2275 1569 2332 ἡμῖν
1594 2276 1670 2320 La
1701 2274 1782 2318 sed
1813 2274 1863 2318 in

174 2333 299 2392 ἤμην
330 2348 432 2379 corr
459 2349 494 2378 κ
637 2340 664 2377 4
703 2335 1003 2392 παρεχόντων
1047 2334 1212 2391 scripsi
1245 2348 1269 2378 c
1293 2336 1462 2380 LaMa
1492 2336 1546 2378 ut
1585 2334 1690 2378 coni
1719 2333 1788 2378 Re

174 2394 391 2452 παρέχων
414 2394 557 2439 HVG'
583 2393 675 2438 edd
797 2399 820 2438 7
853 2393 1009 2450 μόνων
1035 2395 1227 2438 HVMa
1258 2394 1339 2438 sed
1369 2394 1419 2436 in
1450 2394 1538 2438 hoc
1570 2411 1605 2437 ω
1637 2393 1686 2436 in
1711 2409 1735 2437 ο
1761 2407 1865 2436 corr

175 2452 247 2496 m'
367 2458 419 2496 11
454 2451 592 2509 ἔφερέ
622 2468 699 2507 μοι
724 2454 799 2498 La
831 2454 912 2497 sed
942 2470 1020 2510 μοι
1049 2453 1176 2497 inser
1204 2466 1240 2507 s,
1267 2455 1356 2497 Ma
1387 2453 1469 2496 sed
1502 2466 1557 2495 ex
1589 2453 1740 2509 ἔλεγος
1763 2465 1865 2496 corr

175 2511 246 2556 m'
294 2514 301 2568 Ι
350 2513 494 2568 αὐτῆς
523 2511 632 2555 libri
663 2511 755 2555 edd
876 2518 930 2556 12
965 2511 1183 2556 θάλασσα
1215 2511 1382 2568 scripsi
1412 2525 1468 2556 ex
1492 2513 1713 2556 HLaMa
1770 2510 1863 2554 θά-

175 2573 318 2615 λαττα
348 2571 429 2615 VO
455 2570 547 2615 edd
680 2575 734 2614 13
766 2574 1006 2627 θηρῶντες
1036 2571 1201 2627 scripsi
1233 2584 1257 2614 e
1283 2572 1358 2615 La
1389 2571 1452 2627 (οἱ
1482 2574 1719 2626 θηρῶντες
1749 2568 1862 2623 ἐθή-

177 2633 287 2686 ρων)
314 2631 403 2674 Μα
462 2629 744 2686 θηρεύοντες
761 2631 902 2675 HVG
922 2630 1014 2673 edd
1136 2634 1189 2673 15
1221 2627 1267 2673 δ’
1295 2629 1471 2673 inserui
1533 2643 1607 2674 om
1630 2628 1741 2672 libri
1771 2627 1863 2671 edd

176 2688 274 2790 hv&
307 2703 383 2732 om
413 2688 516 2732 Mor
544 2688 612 2732 Re
735 2693 788 2731 16
821 2689 900 2732 καὶ
932 2702 1007 2732 om
1030 2690 1108 2733 La
1147 2690 1155 2745 Ι
1204 2687 1331 2732 πάνυ
1363 2688 1528 2745 scripsi
1559 2691 1747 2732 auctore
1779 2686 1862 2731 Co-

211 2749 287 2792 eto
312 2746 412 2791 Coll
435 2752 521 2791 284
581 2747 699 2791 πολὺ
722 2746 832 2791 libri
856 2748 947 2791 edd
975 2754 981 2804 Ι
1007 2746 1170 2805 χαρίεν
1187 2748 1246 2791 Η
1359 2751 1414 2791 18
1442 2749 1687 2804 „sententia
1703 2751 1863 2803 postu-

180 2807 246 2850 lat
281 2807 390 2860 περὶ.
430 2805 514 2856 τὰς
555 2805 805 2860 ἀποθήκας
841 2804 1071 2862 περιιέναι
1112 2819 1197 2862 per
1234 2806 1374 2850 cellas
1413 2805 1677 2850 ambulare“
1719 2804 1786 2848 Re

180 2863 428 2921 μαγείρους
457 2863 638 2909 ἐπιέναι
668 2864 829 2909 Iacobs
867 2865 981 2909 Lcct
1011 2869 1066 2908 99
1100 2867 1150 2909 at
1181 2864 1238 2909 cf.
1270 2880 1316 2921 p.
1342 2869 1441 2921 601,
1460 2870 1485 2908 ‘3
1615 2869 1669 2908 19
1702 2864 1781 2907 καὶ
1807 2890 1860 2895 -

181 2927 320 2979 601,1
354 2923 563 2969 ἐπαινεῖν
593 2937 668 2968 orn
705 2925 750 2969 V
