2010 3168
185 116 294 168 612
633 115 817 158 LIBAN
818 115 861 159 11
890 114 1279 160 DECLAMATIO
1311 115 1439 159 XXX

187 257 294 304 940
340 256 421 304 vel
466 255 614 302 huius
658 255 814 303 fratre
861 255 1071 319 gemello
1126 249 1466 321 descriptus.²)
1547 255 1875 305 Contulerunt

183 330 412 379 Reiskius
438 329 526 391 qui
551 345 662 377 eum
686 329 984 377 Bavaricum
1007 330 1274 377 secundum
1299 330 1608 391 appellatum
1631 331 1802 379 littera
1824 332 1874 379 B

183 403 445 468 insignivit
477 405 527 451 et
549 402 756 451 Parisiis
779 403 1008 451 reducem
1038 403 1225 450 factum
1259 419 1386 451 anno
1422 405 1560 452 1816
1594 405 1673 451 Fr.
1706 404 1874 453 Iacob-

183 478 298 526 sius.
353 477 481 524 Vide
512 479 549 525 t.
573 476 619 522 V
650 493 697 538 p.
726 478 831 525 364
850 493 921 539 sq.

298 552 343 599 5.
383 551 829 599 Laurentianus
868 550 1009 599 LVII
1049 553 1114 599 21
1166 567 1289 599 saec.
1322 544 1555 617 XIVJXV
1601 553 1686 601 fol.
1730 554 1874 601 142&

182 625 309 673 Vide
340 627 375 673 t.
400 625 447 670 V
476 641 524 686 p.
554 625 657 672 158
677 640 748 686 sq.

298 701 343 748 6.
376 699 744 746 Barberinus
775 698 826 746 H
851 701 916 747 41
952 714 1082 746 nunc
1114 698 1385 747 Vaticanus
1412 692 1506 765 (=
1532 694 1598 765 B)
1632 715 1758 748 saec.
1782 700 1874 747 XV

185 774 442 821 f01.325v.
502 772 628 819 Vide
656 775 693 821 t.
717 773 743 820 I
772 790 818 835 p.
849 774 917 821 24
935 788 1008 835 sq.
1023 764 1027 768 Δ
1055 763 1217 820 Meum
1251 774 1304 819 in
1334 789 1477 821 usum
1509 775 1723 822 contulit
1753 774 1873 823 Pius

183 847 399 896 Franchi
429 846 489 895 de
521 845 807 895 Cavaleriis.
1253 896 1257 900 ,
1745 884 1747 889 .

296 920 484 983 Corpus
516 921 803 968 mutilatum
834 919 996 968 reddit
1029 900 1180 968 codex
1248 975 1252 978 ⁴

299 997 343 1043 7.
382 994 696 1043 Parisinus
743 1011 813 1058 gr.
848 996 989 1054 3019
1040 1009 1163 1043 saec.
1195 974 1427 1059 XIVJXV
1474 995 1559 1043 fol.
1595 975 1677 1043 99
1748 996 1874 1056 Vide

182 1069 315 1117 t.IV
345 1085 391 1131 p.
421 1070 524 1116 306
545 1084 615 1130 sq

295 1143 512 1191 Transeo
545 1143 609 1190 ad
642 1129 969 1205 eclogarios’.
1081 1188 1084 1191 ,

297 1218 343 1265 8.
390 1217 706 1265 Parisinus
755 1233 825 1281 gr.
861 1218 1001 1265 2998
1052 1210 1147 1315 (=4
1172 1210 1235 1283 P)
1283 1232 1407 1265 saec.
1446 1217 1563 1264 XIV
1609 1217 1694 1278 1501.
1729 1189 1874 1270 302⁴.

185 1291 443 1340 Correctus
492 1293 566 1339 est
612 1307 763 1338 manu
808 1293 997 1339 recenti
1037 1285 1111 1356 (m
1111 1285 1189 1357 4)
1235 1291 1361 1366 Vide
1410 1306 1558 1353 supra
1597 1308 1643 1352 p.
1682 1294 1782 1339 112
1803 1307 1873 1353 sq.

185 1364 400 1413 Contuli.

297 1441 342 1487 9.
375 1439 715 1487 Marcianus
748 1456 820 1502 gr.
847 1440 951 1487 439
981 1432 1075 1504 (=
1091 1433 1174 1505 Μ)
1201 1454 1324 1488 saec.
1349 1404 1593 1504 XIIJXIII
1617 1439 1699 1487 fol
1730 1441 1872 1487 17-6‘2

186 1511 444 1561 Correctus
477 1515 552 1560 est
575 1529 725 1560 manu
757 1513 950 1560 librarii
974 1505 1068 1579 (m)
1094 1515 1158 1560 et
1172 1514 1444 1561 recentiore
1477 1507 1569 1579 (y).
1617 1513 1743 1562 Vide
1767 1515 1802 1560 t.
1829 1513 1875 1558 V

182 1604 228 1649 p.
260 1588 362 1635 168
383 1603 452 1648 sq.
516 1586 731 1634 Contuli.

299 1663 380 1709 10.
412 1660 858 1709 Laurentianus
890 1660 1031 1724 LVII
1056 1662 1125 1708 44
1159 1653 1254 1726 (=
1280 1653 1375 1726 La)
1417 1676 1542 1709 saec.
1567 1630 1614 1720 X
1648 1661 1734 1708 fol.
1764 1662 1873 1709 59.

186 1733 444 1783 Correctus
476 1737 552 1783 est
583 1737 823 1796 quattuor
852 1719 1080 1783 manibus
1111 1736 1156 1795 f,
1186 1749 1242 1794 n,
1271 1749 1326 1795 y,
1357 1749 1404 1796 s,
1445 1751 1654 1796 quarum
1692 1735 1874 1795 ultima

185 1810 337 1856 etiam
368 1808 556 1857 scholia
586 1808 781 1857 adiecit.
845 1808 970 1857 Vide
1000 1810 1036 1856 t.
1061 1808 1087 1855 I
1116 1825 1163 1870 p.
1191 1810 1297 1855 224
1315 1823 1384 1869 sq.
1450 1807 1665 1856 Contuli.

299 1886 382 1930 11.
421 1881 903 1931 Vindobonensis
943 1883 1120 1945 philos.
1161 1884 1210 1930 et
1248 1882 1422 1944 philol.
1453 1882 1526 1929 IV
1561 1883 1627 1930 82
1663 1875 1757 1949 (=
1783 1862 1872 1948 Vi)

185 1971 309 2004 saec.
333 1956 451 2004 XIV
482 1957 567 2004 fol.
596 1957 702 2004 52¹⁷.
769 1955 1025 2005 Correctus
1057 1959 1130 2004 est
1173 1972 1324 2004 manu
1355 1956 1567 2003 secunda
1599 1955 1784 2018 partim
1817 1972 1874 2003 ex

184 2031 284 2079 alio
309 2030 474 2078 codice
499 2032 685 2092 partim
709 2047 766 2079 ex
790 2030 987 2094 ingenio
1013 2031 1316 2078 correctoris.
1355 2029 1480 2077 Vide
1496 2031 1531 2077 t.
1550 2030 1595 2075 V
1618 2047 1664 2091 p.
1687 2031 1788 2078 169
1801 2045 1871 2091 sq

185 2103 397 2152 Contuli.

299 2179 380 2226 12.
436 2178 847 2227 Beiolinensis
910 2195 982 2241 gr.
1032 2180 1133 2227 195
1197 2178 1316 2225 olim
1380 2177 1871 2226 Claromontanus

186 2246 282 2317 (=
309 2245 390 2317 Cl)
425 2266 546 2300 saec.
571 2252 689 2298 XIV
720 2252 803 2300 fol.
841 2254 908 2301 70
941 2245 1148 2317 (279)
1181 2250 1436 2303 Correctus
1485 2253 1559 2299 est
1603 2267 1754 2299 manu
1799 2267 1872 2298 re-

186 2325 318 2373 centi
350 2318 506 2391 (1114).
543 2325 668 2372 Vide
701 2330 736 2373 t.
761 2326 833 2372 IV
864 2343 911 2387 p.
939 2328 1046 2374 410
1063 2340 1134 2387 sq.
1196 2324 1410 2373 Contuli.
1466 2357 1468 2364 ·

301 2400 381 2447 13.
414 2398 739 2448 Vaticanus
771 2417 842 2462 gr.
870 2400 937 2447 82
965 2392 1060 2465 (=
1085 2394 1185 2463 Va)
1210 2414 1332 2447 saec.
1359 2399 1477 2446 XIV
1507 2399 1591 2446 fol.
1619 2400 1665 2461 2,
1696 2399 1749 2445 in
1773 2414 1870 2459 quo

186 2472 482 2520 declamatio
522 2488 699 2536 agmen
738 2473 886 2521 ducit.
945 2472 1140 2521 Folium
1174 2474 1203 2520 3
1238 2466 1309 2537 (p.
1338 2473 1458 2532 624,
1478 2474 1506 2518 2
1548 2470 1630 2519 καὶ
1660 2470 1776 2530 τοὺς
1805 2497 1866 2504 -

185 2563 231 2607 p.
261 2547 380 2605 630,
400 2548 429 2594 9
471 2546 630 2594 πάντα
667 2541 844 2611 πολλὰ)
885 2548 1200 2594 chartaceum
1239 2562 1388 2594 manu
1422 2546 1606 2593 saeculi
1629 2545 1720 2592 XV
1759 2561 1871 2606 sup-

185 2619 374 2680 pletum
407 2623 495 2667 est.
545 2619 802 2667 Correctus
827 2622 902 2668 est
924 2620 1120 2670 duabus
1136 2619 1378 2679 manibus,
1411 2620 1626 2667 secunda
1650 2622 1700 2666 et
1721 2619 1872 2666 tertia

186 2709 311 2754 quae
343 2693 492 2741 rubro
526 2695 803 2741 atramento
835 2709 924 2742 usa
957 2696 1043 2741 est.
1106 2693 1233 2740 Vide
1264 2696 1299 2740 t.
1323 2694 1349 2741 I
1379 2710 1425 2754 p.
1452 2694 1520 2741 48
1540 2709 1610 2754 sq.
1657 2679 1869 2781 Contuli.

307 2863 348 2918 1)
392 2862 456 2905 Ut
500 2877 592 2906 uno
640 2863 850 2919 exemplo
893 2863 1147 2920 defungar,
1195 2864 1388 2918 uterque
1436 2836 1580 2906 'codex
1625 2874 1870 2917 perperam

185 2935 228 2976 p.
257 2925 355 2973 653,
377 2926 429 2963 12
463 2921 576 2978 ἐμὴν
606 2936 689 2977 pro
722 2922 797 2977 ἐμὲ
829 2922 1035 2978 praebet.
