2010 3168
184 90 290 142 278
649 90 878 135 LIBANII
905 90 1298 136 DECLAMATIO
1330 91 1437 136 XIX

180 235 386 279 ποιῶν
440 224 542 295 ἀφ’
589 222 676 279 ὧν
727 225 858 289 ἕξει
910 229 1063 290 τοὺς
1110 226 1578 297 ἀμυνομένους.
1633 229 1719 282 25.
1757 249 1874 284 τοι-

182 323 322 367 αῦτα
353 314 810 384 ἀπολογούμενοι,
837 317 971 385 μετὰ
1003 323 1174 369 ταῦτα
1203 318 1381 371 πολλά
1409 339 1518 385 μου
1546 321 1871 389 ψηφίσματα

182 404 447 474 φέροντες
485 403 546 458 ἐν
583 415 703 468 ταῖς
740 403 931 475 χερσὶν
962 402 1090 459 ἀνθ’
1131 407 1402 476 ἱκετηρίας
1437 406 1872 475 ἀναγνώσονται,

180 491 312 546 καθ’
357 493 390 546 ἃ
435 492 689 563 πρέσβεις
737 493 998 562 ἐξῆλθον,
1045 493 1174 547 καθ’
1221 494 1255 547 ἃ
1294 498 1534 565 τριήρεις
1580 498 1908 567 ἔπλευσαν,,

137 604 157 636 5
181 580 309 635 καθ’
355 582 389 635 ἃ
442 592 555 635 τῶν
608 580 709 651 μὲν
764 583 866 636 οὐκ
928 582 1224 653 ἐξεπέσετε,
1284 585 1350 636 τὰ
1405 582 1467 638 δὲ
1521 584 1872 653 ἐκομίσασθε.

181 678 369 739 ταῦτα,
387 668 428 724 ὦ
455 673 653 741 ἄνδρες
673 670 972 743 Ἀθηναῖοι,
988 671 1114 725 καθ’
1148 671 1381 741 ἑκάστην
1405 672 1655 744 ἡμε’ραν[,
1674 659 1869 745 ταῦτα]

181 761 451 828 πεντάκις,
489 768 676 828 ταῦτα,
707 760 809 823 ἕως
842 759 1230 831 ἐπιτρέπουσιν
1261 763 1319 816 οἱ
1352 761 1619 832 πρέσβεις.
1660 762 1752 817 καὶ
1792 767 1873 817 ἔτι

181 850 318 918 πρὸς
342 850 560 913 τούτοις
575 855 787 919 θρῆνος
813 851 1086 919 δημοτῶν,
1106 851 1319 921 δάκρυα
1343 856 1616 920 φυλετῶν,
1634 854 1873 922 οἰκείων,

184 948 496 1008 συγγενῶν,
547 948 660 992 τῶν
706 937 765 992 ἐκ
804 941 1160 1003 Μακεδονίας
1211 938 1307 993 ὑπ’
1353 940 1486 1007 ἐμοῦ
1542 941 1874 1011 λελυμένων,

117 1048 160 1081 ιο
185 1020 269 1091 οἷς
313 1028 375 1081 τὸ
421 1026 578 1098 χρέος
625 1028 855 1097 ἐποίησα
902 1028 1130 1099 δωρεάν.
1178 1027 1371 1092 ἄξουσι
1416 1030 1507 1083 καὶ
1551 1031 1654 1098 τὴν
1697 1035 1875 1098 θυγα-

182 1115 312 1187 τέρα
351 1117 490 1187 πρὸς
527 1118 624 1180 τὰς
663 1117 949 1187 ἐκκλησίας
995 1117 1335 1188 δεησομένην
1380 1118 1558 1186 ὑμῶν·
1606 1121 1876 1188 σώσατε,

184 1204 495 1275 ἐλεήσατέ
543 1227 666 1273 μου
720 1207 835 1260 τὸν
888 1206 1145 1276 πατέρα.
1200 1208 1286 1260 26.
1340 1209 1404 1261 τί
1457 1204 1561 1261 οὖν
1607 1208 1636 1262 ὁ
1684 1210 1877 1277 δῆμος;

183 1298 571 1364 καμφθήσεται
640 1293 730 1348 καὶ
791 1298 1009 1364 ποιήσει
1074 1305 1237 1363 τοῦτο
1297 1298 1436 1367 πρὸς
1498 1295 1588 1366 ἐμὲ
1648 1297 1677 1351 ὃ
1739 1299 1878 1366 πρὸς

168 1383 481 1454 ’Ἄδραστον
521 1385 579 1437 οἱ
611 1387 877 1453 πρόγονοι
920 1386 1011 1438 καὶ
1046 1387 1321 1439 Οἰδίπουν
1357 1387 1457 1440 τὸν
1492 1389 1739 1455 Θηβαῖον
1767 1390 1878 1455 καί,

114 1495 161 1529 ,15
186 1475 246 1527 τὸ
285 1474 599 1544 Εὐριπίδου
647 1475 851 1543 δρᾶμα,
905 1476 1042 1544 πρὸς
1095 1478 1227 1538 τοὺς
1267 1475 1625 1545 ςΗρακλείδας
1661 1478 1769 1544 καί,
1816 1477 1877 1529 τὸ

193 1564 502 1634 Φρυνίχου,
567 1564 669 1632 τὴν
748 1564 1005 1631 Μίλητον
1074 1565 1165 1616 καὶ
1248 1563 1625 1633 ἀποκρινεῖται
1693 1565 1879 1634 (τοῖς)

184 1651 446 1721 πρέσβεσι
477 1655 746 1721 θορυβῶν
778 1652 916 1721 ὁμοῦ
948 1651 1037 1706 καὶ
1071 1654 1349 1722 δακρύων·
1384 1654 1500 1706 οὐκ
1531 1652 1878 1723 ἐκδίδομεν

187 1739 642 1810 Δημοσθένην.
721 1741 895 1794 οὔπω
958 1743 1403 1811 πεπτώκαμεν,
1474 1743 1648 1795 οὔπω
1733 1756 1878 1795 τοσ-

307 1878 333 1916 3
365 1872 496 1915 Dem.
529 1888 572 1929 p.
603 1877 806 1926 1078,25
931 1877 955 1915 9
989 1872 1046 1916 cf.
1072 1887 1115 1928 p.
1144 1877 1340 1927 331‚15;
1373 1874 1405 1916 t.
1430 1872 1494 1915 IV
1526 1872 1760 1927 2621ssss

191 1937 245 1976 10
271 1931 417 1977 cf..ad
440 1948 484 1989 p.
505 1936 641 1984 258ss
671 1934 676 1988 ι
705 1931 954 1988 cf.vp.308‚
976 1937 1031 1975 14
1050 1946 1116 1987 sq.
1241 1937 1295 1975 14
1321 1931 1378 1977 of.
1405 1932 1467 1975 ad
1491 1948 1535 1989 p.
1556 1937 1684 1987 99‚8;
1719 1936 1878 1986 326,2;

187 1993 222 2035 t.
247 1991 311 2034 IV
335 1996 435 2046 263,
455 1997 478 2034 6
497 1991 550 2034 R.
584 1991 720 2035 Isoer.
751 2004 920 2049 paneg.
954 1998 979 2044 ξ
1004 1995 1059 2035 58
1099 1994 1104 2047 Ι
1149 1990 1286 2048 Soph.
1321 1991 1432 2035 Oed.
1467 1991 1560 2036 Col.
1585 1995 1672 2035 461
1693 2006 1758 2047 sq.

191 2056 245 2094 15
279 2051 337 2094 cf.
369 2066 413 2107 p.
440 2055 603 2105 326,2;
636 2053 668 2093 t.
694 2050 757 2095 IV
783 2055 882 2105 263,
903 2056 924 2093 1
944 2050 998 2094 R.
1031 2050 1137 2095 Eur.
1171 2050 1353 2094 Heracl.
1376 2056 1430 2094 31
1451 2066 1518 2106 sq.
1643 2055 1698 2094 16
1727 2049 1783 2094 cf.
1818 2049 1879 2093 ad

189 2125 233 2167 p.
253 2114 383 2163 41‚6;
416 2114 487 2165 99,
507 2115 582 2163 14;
622 2112 655 2153 t.
680 2110 740 2152 IV
769 2115 867 2163 303,
890 2115 941 2153 11
961 2110 1013 2153 R.
1055 2109 1223 2165 Phryn.
1257 2112 1376 2167 trag.
1407 2111 1461 2154 fr.
1495 2110 1674 2154 Nauck.
1699 2124 1743 2166 p.
1772 2108 1881 2151 721²

311 2219 335 2257 1
368 2212 720 2271 ἀμυνουμένους
752 2212 897 2258 Cobet
928 2213 1029 2258 Coll
1060 2217 1146 2257 286
1267 2218 1293 2256 5
1328 2212 1567 2268 ἐξεπέσατε
1600 2215 1645 2257 Ρ
1669 2214 1674 2269 Ι
1702 2211 1813 2257 ταδὲ
1839 2214 1884 2256 Ρ

311 2278 335 2317 6
375 2273 674 2328 καθεκάστην
700 2275 746 2318 P
769 2273 791 2331 ff,
815 2279 962 2316 ταῦτα
997 2272 1255 2316 cancellavi
1384 2278 1407 2316 7
1450 2272 1534 2325 ἕως
1564 2272 1730 2328 scripsi
1775 2286 1879 2315 cum

189 2332 401 2376 Iacobsio
433 2332 540 2375 Add
575 2337 655 2375 192
691 2332 786 2376 Rev
820 2337 844 2375 3
878 2333 925 2376 et
949 2332 1103 2376 Gasda
1171 2333 1232 2382 ὡς
1262 2331 1373 2375 libri
1397 2332 1489 2376 edd.
1633 2336 1683 2374 11
1721 2334 1878 2387 δεησο-

192 2391 334 2448 μένην
378 2392 543 2447 scripsi
583 2405 639 2435 ex
663 2392 757 2436 Ath
829 2389 1181 2447 δεηθησομένην
1206 2394 1252 2435 Ρ
1289 2392 1380 2435 edd
1525 2396 1577 2434 15
1618 2388 1735 2444 πρὸς
1771 2390 1881 2438 τοὺς

193 2450 358 2507 scripsi
398 2451 487 2494 coll
517 2466 561 2507 p.
589 2455 756 2504 32‚16;
796 2453 829 2494 t.
854 2451 875 2493 I
907 2455 1007 2505 454,
1028 2455 1082 2494 14
1157 2451 1274 2504 πρὸς
1312 2450 1422 2494 libri
1462 2450 1552 2493 edd
1626 2450 1735 2499 τοὺς
1775 2448 1879 2492 coni

194 2510 350 2553 Gasda
402 2543 406 2546 »
488 2514 541 2552 16
573 2509 783 2566 Μίλητον
816 2510 983 2566 scripsi
1054 2512 1234 2566 μιλῆτιν
1265 2509 1375 2553 libri
1408 2509 1497 2552 edd
1526 2511 1532 2566 Ι
1559 2510 1882 2562 ἀποκρινεῖται

193 2569 380 2625 reposui
412 2582 437 2613 e
460 2568 593 2612 libris
627 2583 731 2612 cum
754 2569 963 2614 Iacobsio
988 2569 1095 2612 Add
1121 2573 1203 2612 129
1231 2569 1343 2613 Lech
1368 2573 1450 2613 101
1478 2569 1574 2612 Rev
1597 2573 1623 2610 3
1685 2568 1878 2621 ἀποκρι-

195 2637 314 2673 νεῖτε
346 2628 437 2672 edd
469 2629 551 2671 sed
582 2645 636 2683 γρ
669 2629 992 2683 ἀποκρινεῖται
1022 2628 1071 2671 in
1102 2642 1236 2685 marg
1266 2628 1368 2672 Mor
1394 2629 1400 2684 Ι
1427 2634 1525 2678 τοῖς
1554 2626 1729 2671 inserui
1804 2640 1881 2669 om

194 2688 303 2730 libri
334 2687 426 2730 edd
548 2692 600 2731 17
633 2686 848 2746 πρέσβεσι
871 2687 972 2731 Mor
997 2687 1078 2731 sed
1103 2704 1156 2743 γρ
1181 2685 1394 2744 πρέσβεις
1417 2687 1466 2730 in
1491 2700 1621 2741 marg
1680 2682 1882 2743 πρέσβυς

195 2792 288 2834 Ath
349 2764 542 2849 πρέσβῗσ
564 2792 610 2835 Ρ
737 2795 789 2834 18
823 2789 939 2835 οὕτω
973 2791 1081 2834 ante
1111 2791 1415 2845 πεπτώκαμεν
1446 2789 1744 2832 inserendum
1776 2801 1879 2831 cen-

197 2851 299 2893 sent
329 2849 565 2894 Iacobsius
596 2849 704 2892 Add
733 2854 812 2893 129
853 2850 965 2894 Lech
990 2854 1072 2893 101
1103 2849 1200 2893 Rev
1225 2854 1250 2892 3
1284 2848 1482 2893 Cobelzus
1516 2847 1616 2892 Coll
1640 2851 1724 2891 286
1754 2848 1760 2904 Ι
1801 2861 1881 2889 πε-

197 2909 414 2966 πτώκαμεν
438 2910 483 2952 Ρ
511 2917 559 2952 et,
589 2925 643 2964 γρ
675 2909 724 2951 in
757 2922 891 2965 marg
921 2909 1022 2952 Mor
