2010 3168
215 72 319 126 126
688 71 915 117 LIBAN'II
949 71 1340 117 DECLAMATIO
1372 71 1458 117 XV

209 217 283 281 τῷ
312 210 519 280 σιδήρῳ
561 211 746 277 λόγος,
794 218 909 272 πῶς
958 209 1023 262 οὐ
1064 210 1267 278 σεμνὸν
1304 212 1469 263 τοῦτό
1516 229 1600 281 γε;
1646 208 1737 262 καὶ
1775 209 1900 281 περὶ

200 298 526 350 ’Μιλτιάδου
571 295 674 364 μὲν
710 296 883 368 Ῐέσχον
930 297 959 350 ὅ
999 319 1051 351 τι
1099 303 1327 351 εἴπωσιν
1375 299 1427 352 οῑ
1474 297 1763 368 βάσκανοι,
1809 299 1899 352 καὶ

207 391 413 456 κλοπῆς
465 385 759 458 ᾐτιάσαντο
810 388 909 440 τὸν
955 388 1175 457 ἄδωρον
1222 387 1496 456 Περικλέα
1541 385 1633 440 καὶ
1684 389 1899 458 Θρασύ-

209 479 416 544 βουλον
463 477 799 546 παρανόμων
846 476 943 529 τὸν
991 475 1269 529 ἀποδόντα
1313 483 1389 547 τῷ
1439 478 1590 549 δήμω
1639 478 1768 539 τοὺς
1813 479 1898 530 νό-

163 583 181 616 5
207 582 363 634 μους·
414 562 504 632 ἐμὲ
552 564 635 635 δέ,
681 563 771 618 καὶ
820 567 894 634 μή
940 586 1033 634 μοι
1081 567 1299 634 φθόνος
1346 565 1652 634 ἀπαντῆσαι
1691 567 1897 636 μηδείς,

208 655 308 707 οὐκ
349 653 549 723 ἐχθρὸς
589 657 666 717 είς
706 654 892 722 ἀγῶνα
931 653 1275 723 κατέστησεν,
1315 654 1382 707 οὐ
1421 656 1604 723 νόμος,
1645 655 1711 708 οὐ
1752 657 1899 724 φθό-

206 764 317 812 νος,
358 744 425 796 οὐ
466 742 835 812 συκοφάντης,
876 744 943 796 οὐ
984 743 1345 814 λογογράφος.
1390 744 1456 796 οὐ
1497 746 1648 813 φήμη
1688 745 1897 814 πλὴνὴ

205 836 463 901 καλλίστη
506 831 629 903 περὶ
670 832 775 900 ε’μέ.
832 835 1100 903 ἄχραντος
1139 834 1346 905 αἰσχρῷ
1390 835 1533 904 λόγῳ
1584 831 1675 886 καὶ
1722 835 1898 903 κρείτ-

206 942 318 975 των
355 931 454 975 τοῦ
482 931 597 985 τοῖς
630 923 1023 990 εὐδοκιμοῦσιν
1054 921 1505 984 ἀκολουθοῦντος
1537 924 1776 991 φθόνου.
1815 925 1897 985 τίς

139 1030 182 1062 10
205 1012 310 1081 γὰρ
351 1010 613 1080 ἐτόλμησε
652 1014 751 1081 τὴν
792 1011 1050 1065 ἐναντίαν
1083 1013 1278 1081 φωνὴν
1309 1011 1556 1080 ἀφεῖναις
1595 1014 1678 1074 τίς
1710 1013 1897 1080 διᾶραι

204 1101 264 1153 τὸ
314 1102 483 1168 στόμα
528 1105 749 1154 πολλῶν
794 1098 896 1168 μὲν
941 1099 1034 1154 ὑπ’
1090 1099 1224 1168 ἐμοῦ
1271 1101 1641 1170 ψηφισμάτων
1689 1101 1896 1169 εἰσενη-

203 1189 501 1258 νεγμένων,
535 1189 634 1243 οὐκ
668 1190 874 1258 ὀλίγων
906 1188 967 1243 δὲ
999 1191 1291 1259 χρημάτων
1325 1189 1698 1261 διῳκημένων,
1730 1191 1896 1242 πόσοι

203 1281 387 1348 νόμοις
447 1281 732 1348 πρεσβεῖαι
786 1282 974 1350 πόσαις
1037 1282 1215 1347 ε”ργων
1275 1278 1586 1347 ἐπιστάτης,
1648 1281 1895 1347 νεωρίων

203 1364 540 1436 ἐπιμελητής,
581 1365 748 1421 οὐδὲν
788 1367 816 1420 ὃ
857 1369 927 1437 μὴ
968 1371 1151 1436 μόνος.
1218 1368 1299 1421 18.
1342 1367 1446 1436 ἐγὼ
1486 1366 1606 1435 μέν,
1644 1368 1691 1419 εἰ
1729 1363 1893 1419 τοῦτό

138 1475 178 1508 15
205 1469 292 1508 σοι
340 1457 491 1509 δοκεῖ
539 1458 741 1524 σεμνὸν
790 1451 930 1511 εἶναι
978 1459 1039 1511 τὸ
1085 1461 1377 1526 κεκρίσθαι
1424 1457 1745 1525 (πολλάκις,
1803 1457 1893 1508 καὶ

203 1544 368 1608 αὐτὸς
420 1547 682 1608 πολλάκις
735 1547 1059 1615 κεκρίσθαι)
1113 1546 1251 1614 λέγω
1306 1547 1516 1615 τρόπον
1570 1545 1671 1614 οὐχ
1726 1544 1792 1597 ὃν
1840 1545 1899 1597 οἱ

203 1634 498 1697 δοκοῦντες
537 1635 773 1703 ἀδικεῖν,
814 1637 1012 1703 ἄπαγε,
1061 1633 1178 1687 ἀλλ’
1226 1634 1293 1688 ὃν
1332 1635 1390 1688 οἰ
1424 1637 1663 1704 χρηστοί.
1718 1634 1893 1686 πολλά

202 1742 309 1791 μου
340 1724 405 1776 τὰ
437 1725 778 1794 δικαστήρια.
825 1726 882 1777 οἱ
910 1726 1219 1792 βουλευταί,
1261 1723 1320 1777 ἐν
1353 1724 1570 1785 τούτοις
1604 1732 1741 1776 νικῶ
1778 1732 1893 1784 τοῖς

201 1813 698 1882 προβουλεύμασιν.
745 1814 778 1882 ἡ
822 1812 987 1881 πνύξ,
1039 1813 1180 1866 ὅπου
1221 1816 1398 1866 πείθω
1439 1815 1568 1875 τοὺς
1608 1809 1890 1879 ἐκκλησιά-

134 1921 177 1952 20
203 1902 404 1964 ζοντας.
445 1899 506 1954 ἐν
545 1899 605 1954 δὲ
644 1911 760 1964 τοῖς
799 1903 1171 1971 δικαστηρίοις
1210 1903 1396 1965 αὐτοῖς
1444 1901 1544 1970 οὐχ
1591 1893 1742 1954 εἶλον
1783 1898 1890 1952 ἕτε-

202 2009 304 2057 ροι.
358 1990 419 2042 τὸ
466 1987 598 2058 <δὲ>
643 1990 905 2059 μέγιστον
953 1991 1013 2043 ἐν
1064 1991 1250 2054 αὐτοῖς
1296 1999 1409 2053 τοῖς
1462 1989 1801 2059 πράγμασιν,
1857 1988 1890 2041 ἃ

200 2080 331 2146 μήτε
370 2079 508 2148 πρὸς
547 2076 757 2149 ἔχθραν
794 2082 926 2147 μήτε
965 2080 1101 2148 πρὸς
1139 2080 1302 2149 χάριν
1339 2081 1515 2149 κρίνει
1563 2079 1694 2140 τοὺς
1733 2077 1890 2147 ῥήτο-

322 2199 343 2236 1
380 2194 528 2239 Schol.
554 2194 661 2251 Lyc.
680 2199 765 2239 455
889 2200 914 2239 2
948 2195 1005 2239 cf.
1030 2196 1064 2239 k.
1089 2195 1131 2239 V
1156 2199 1290 2250 514‚2
1310 2211 1375 2251 sq.
1499 2198 1524 2237 3
1558 2193 1614 2238 cf.
1647 2209 1691 2250 p.
1721 2197 1819 2249 158,
1839 2198 1887 2246 93

203 2257 300 2308 159,
321 2257 367 2307 73
403 2258 501 2309 171,
522 2259 588 2298 12.
621 2254 740 2298 Plat.
775 2254 913 2312 Gorg.
945 2270 990 2311 p.
1017 2254 1160 2298 516A
1211 2257 1216 2311 Ι
1266 2254 1430 2298 Aesch.
1465 2253 1583 2297 Otos.
1609 2258 1633 2306 ξ
1664 2257 1746 2296 195

201 2316 224 2354 7
250 2312 307 2355 cf.
326 2327 370 2368 p.
392 2317 525 2366 153,ss
545 2327 610 2369 sq.
738 2318 790 2358 10
835 2314 962 2357 Dem.
999 2329 1043 2370 p.
1077 2318 1282 2368 375,14;
1330 2318 1539 2369 405‚26;
1588 2317 1687 2367 536,
1714 2316 1768 2355 18

202 2376 256 2414 14
289 2371 419 2415 Dem.
451 2387 496 2428 p.
522 2378 693 2427 612‚21

320 2480 342 2517 1
375 2491 423 2518 τε
450 2477 537 2520 Μα
659 2482 683 2520 2
719 2474 741 2520 ’ὅ
774 2493 817 2519 τι
853 2476 1016 2532 scripsi
1080 2474 1147 2520 ὅτι
1174 2477 1307 2520 ΜαΡ
1423 2481 1448 2519 3
1483 2447 1655 2530 σκλοπῆς
1680 2476 1769 2518 Μα

200 2538 224 2576 5
270 2533 533 2589 ἀπαντῆσαι
573 2535 735 2591 scripsi
812 2534 1072 2590 ἀπαντήσοι
1099 2536 1236 2580 ΜαΡ
1376 2540 1401 2577 8
1446 2534 1618 2593 αἰσχρῷ
1656 2532 1773 2591 λόγῳ
1806 2534 1887 2576 καὶ

198 2591 416 2646 κρείττων
443 2593 605 2650 scripsi
668 2595 859 2651 αἰσχροῦ
885 2595 964 2638 καὶ
988 2592 1126 2651 λόγου
1150 2592 1368 2650 κρείττων
1396 2594 1531 2637 ΜαΡ
1649 2597 1673 2635 9
1706 2591 1887 2642 τούτοις

198 2653 244 2695 P
364 2657 416 2694 12
451 2653 635 2709 signum
666 2654 1046 2710 interrogaffionis
1085 2654 1220 2709 posui
1299 2653 1433 2697 colon
1458 2653 1503 2696 P
1575 2666 1650 2695 om
1680 2653 1768 2695 Ma

200 2715 255 2753 14
295 2709 497 2768 ἐννόμως
539 2712 651 2755 olim
691 2713 868 2756 conieci
1013 2717 1066 2755 15
1106 2715 1355 2767 κεκρΐσθαι
1379 2713 1424 2756 Ρ
1471 2713 1477 2767 Ι
1527 2709 1765 2765 πολλάκις,
1805 2710 1885 2753 καὶ

199 2770 338 2821 αὐτὸς
368 2770 587 2821 πολλάκις
619 2769 865 2826 κεκρίσθαι
903 2771 1078 2815 inserui
1111 2785 1214 2815 cum
1248 2770 1420 2815 Cobeto
1506 2784 1580 2813 om
1609 2769 1742 2813 MaP

201 2833 253 2871 18
284 2829 441 2873 τούτοι
466 2831 511 2873 P
631 2835 681 2873 19
715 2828 743 2885 ἢ
777 2833 885 2874 anbe
909 2831 937 2887 ἡ
963 2832 1008 2875 P
1066 2830 1215 2874 delevi
1243 2834 1248 2886 Ι
1277 2830 1359 2882 νὺξ
1386 2831 1431 2873 Ρ
1548 2833 1601 2871 21
1636 2827 1686 2872 δὲ
1711 2827 1884 2871 inserui

257 2902 331 2931 om
363 2889 499 2932 MaP
