2010 3168
201 119 234 170 2
241 117 311 171 86
668 115 895 161 LIBANII
926 116 1318 161 DEGLAMATIO
1350 116 1455 160 XIX

203 254 265 307 δὲ
302 255 402 306 τὸν
440 251 567 322 παρ’
613 252 748 320 ὑμῖν
787 254 977 322 νόμον,
1016 254 1078 306 τὸ
1117 253 1219 320 μὲν
1259 252 1448 325 ἐκείνῳ
1489 254 1791 324 χαρίσασθε
1829 257 1896 310 τὸ

201 340 381 412 μηκέτ’
430 335 578 394 εἷναί
611 361 693 411 με,
731 342 793 394 τὸ
835 339 895 394 δὲ
933 341 1068 410 ὑμῖν
1107 342 1318 410 αὐτοῖς,
1365 344 1425 396 τὸ
1471 345 1544 412 μὴ
1583 342 1711 414 παρ’
1757 344 1895 398 ἐκεί-

201 451 306 484 νου
345 450 411 499 με
449 438 654 498 πεσεῖν,
690 432 743 499 ἤ,
781 432 829 483 εἰ
860 431 1152 499 βούλεσθε,
1185 434 1346 484 τοῦτό
1379 451 1441 499 γε
1471 431 1714 502 καὶέμοὶ
1747 435 1898 503 χαρί·

203 525 392 572 σασθε.
431 520 649 582 πάντως
687 539 750 587 γε
789 518 941 583 ἄξιος
979 519 1114 586 ὑμῖν
1151 519 1351 588 ταύτης
1383 520 1488 589 ἐγὼ
1527 529 1623 590 τῆς
1655 523 1896 593 χάριτος,

158 628 179 661 ⁵
204 609 386 671 ἄλλως
415 606 473 660 θ’
515 608 605 661 ὅτε
634 606 726 661 καὶ
759 609 852 661 διὰ
883 611 1174 678 πρεσβείας
1204 606 1415 672 ἔξεστιν
1450 610 1620 664 αὐτὸν
1650 619 1897 682 πραϋναι

204 696 465 765 λέγοντας
505 696 588 750 ὅτι
627 698 743 750 τὸν
782 699 1138 765 ἄνθρωπον
1177 698 1249 751 ὃν
1289 698 1534 768 ἐμίσεις
1577 702 1654 752 σὺ
1695 714 1895 753 σπου·

205 788 396 839 δαῖον
444 785 511 839 ἐν
556 795 693 848 τοῖς
738 786 1080 857 ἡμετέροις
1134 787 1318 856 ἡμεῖς
1372 788 1734 859 εὑρήκαμεν
1786 787 1893 841 καὶ

206 876 321 944 οὐχ
383 869 517 929 οἷοί
581 895 645 928 τε
713 878 1123 944 γεγενήμεθα
1192 877 1271 945 μὴ
1340 885 1660 930 τοσοῦτον
1730 877 1905 949 αὐτῷ

205 967 621 1034 χαρίσασθαι.
648 966 1043 1034 συγγνώμην
1075 961 1193 1019 οὖν
1225 963 1423 1035 ἔχειν,
1450 968 1506 1019 εἰ
1535 967 1603 1019 τὸ
1635 974 1897 1036 πρᾶγμα

138 1072 183 1105 ιο
204 1055 508 1122 τεμόντες
549 1053 617 1106 σὲ
655 1054 772 1122 μὲν
811 1052 1204 1123 ἐτιμήσαμεν
1242 1061 1323 1128 τῷ
1348 1056 1636 1127 θανάτῳ,
1675 1057 1787 1108 τὸν
1827 1052 1898 1108 δὲ

205 1148 289 1212 τῷ
345 1141 607 1195 ἐνταῦθ’
669 1142 938 1212 ἀρκέσαι
998 1146 1172 1213 πρὸς
1221 1140 1501 1213 ἐκεῖνον,
1564 1146 1769 1207 ἄλλως
1829 1163 1896 1197 τε

207 1231 310 1284 ὅτε
348 1232 453 1284 καὶ
485 1232 796 1301 Δημάδης
835 1231 1050 1286 ἐλθὼν
1080 1242 1493 1302 παραιτεῖται
1526 1234 1632 1286 καὶ
1669 1236 1897 1286 πείθει

209 1322 400 1389 φίλος
438 1328 650 1394 σαυτῷ
684 1322 788 1375 καὶ
827 1325 1123 1391 συνήθης
1162 1324 1523 1392 ἄνθρωπος.

320 1410 405 1462 38.
445 1409 686 1463 Μέλλων
727 1408 787 1463 δὲ
827 1415 1087 1465 τελευτᾶν
1119 1411 1224 1481 ἐρῶ
1255 1414 1393 1482 πρὸς
1422 1413 1579 1481 ὑμᾶς,
1619 1409 1661 1464 ὦ
1696 1412 1901 1481 ἄνδρες

142 1516 184 1548 15
204 1497 516 1568 Ἀθηναῖοι,
563 1503 674 1552 τίσι
713 1520 770 1553 τε
810 1501 1154 1570 λυπούμενος
1199 1501 1288 1554 καὶ
1337 1504 1448 1554 τίσι
1487 1503 1693 1570 χαίρων
1734 1498 1899 1569 ἀπέρ·

210 1609 385 1658 χομαι.
426 1591 596 1658 χαίρω
636 1589 738 1658 μὲν
777 1589 861 1642 ὅτι
905 1594 1127 1643 πολλῶν
1166 1588 1247 1642 ἐπ’
1302 1587 1393 1659 ἐμὲ
1432 1590 1753 1642 συστάντων
1805 1586 1897 1640 καὶ

209 1678 345 1730 κατὰ
382 1679 485 1746 τὴν
522 1677 732 1747 ἡμέραν
771 1677 1002 1747 ἑκάστην
1041 1681 1371 1748 κρινόντων,
1412 1680 1902 1746 εἰσαγγελλόντων,

210 1764 579 1835 γραφομένων
624 1769 694 1831 ζῶ
741 1765 832 1820 καὶ
879 1767 1235 1835 πολιτεύομαι
1282 1765 1372 1820 καὶ
1418 1769 1719 1837 κατήγορος
1759 1767 1901 1828 ἅπας

212 1853 463 1921 ἀπῆλθεν
503 1853 806 1924 ἐρυθριῶν·
853 1855 1001 1924 ἀλγῶ
1049 1853 1110 1908 δὲ
1159 1855 1242 1908 ὅτι
1280 1858 1410 1918 τοὺς
1455 1855 1650 1924 γονέας
1687 1865 1798 1908 τῶν
1837 1852 1901 1907 ἐν

333 1991 384 2029 11
418 1985 475 2029 ef.
508 2001 553 2042 p.
581 1991 721 2041 296,1

333 2111 355 2149 1
388 2104 527 2162 τομὲν
551 2107 598 2150 Ρ
621 2108 626 2154 Ι
654 2104 913 2164 χαρίσασθε
945 2106 1109 2162 scripsi
1141 2120 1197 2150 ex
1220 2108 1313 2152 Ath
1339 2120 1445 2150 cum
1469 2104 1647 2149 Sinteni
1671 2105 1719 2148 ess
1743 2102 1904 2148 Gasda

271 2163 558 2239 χαρίσασθαι
583 2165 629 2207 Ρ
655 2166 746 2208 edd
781 2168 787 2219 Ι
821 2166 872 2210 τὸ
907 2180 981 2210 om
1005 2166 1099 2210 Ath
1220 2171 1245 2209 2
1278 2165 1436 2222 μηκέτι
1459 2165 1554 2208 Ath
1580 2166 1586 2219 Ι
1625 2179 1678 2220 με
1708 2162 1898 2213 inserui,

213 2224 288 2279 ἔμε
303 2223 459 2267 Gasda.
520 2238 595 2268 om
611 2224 721 2268 libri
738 2224 828 2267 edd
857 2226 863 2281 Ι
890 2241 941 2269 το
952 2226 1071 2281 (1)Ρ
1187 2230 1212 2269 5
1231 2223 1330 2269 ἀλλ’
1352 2221 1470 2270 ὥσθ’
1488 2224 1582 2268 Ath
1608 2224 1614 2279 Ι
1643 2221 1716 2267 ὅτε
1734 2221 1900 2277 scripsi

214 2283 305 2326 coll
335 2285 368 2327 t.
393 2283 458 2326 HI
481 2288 581 2337 337,
602 2288 677 2337 113
709 2283 774 2326 IV
798 2288 897 2339 211,
917 2289 964 2338 13
996 2284 1039 2328 V
1064 2288 1134 2339 14,
1154 2289 1208 2328 18
1271 2282 1340 2328 ὅτι
1370 2283 1480 2327 libri
1511 2283 1602 2326 edd
1644 2284 1650 2338 1
1691 2281 1900 2336 πραύναι

212 2341 321 2385 libri
353 2343 445 2387 edd
477 2343 533 2387 cf.
566 2345 600 2387 t.
624 2342 689 2386 IV
713 2347 813 2397 279,
833 2348 886 2386 17
1009 2348 1034 2387 6
1069 2344 1122 2387 σὺ
1155 2344 1318 2400 scripsi
1351 2358 1454 2388 cum
1477 2341 1686 2385 Iacobsio
1710 2340 1819 2383 Add
1843 2344 1901 2382 32

213 2401 326 2444 Leot
351 2406 433 2444 102
466 2402 564 2446 Rev
589 2407 613 2445 3
647 2401 826 2446 Sinteni
851 2402 1024 2446 Cobeto
1049 2401 1150 2446 Coll
1173 2407 1257 2446 287
1321 2404 1376 2448 οὐ
1400 2402 1511 2445 libri
1535 2400 1625 2444 edd
1746 2405 1772 2442 8
1797 2395 1904 2442 οἶόν
1992 2408 1997 2409 ’

212 2478 262 2506 τε
279 2463 373 2506 Ath
493 2467 517 2504 9
552 2462 695 2521 (δεῖ)
730 2463 862 2520 ἔχειν.
897 2461 942 2507 οἱ
974 2463 1077 2507 coni
1111 2461 1268 2506 Gasda
1300 2465 1350 2506 ab
1382 2462 1438 2506 cf.
1465 2461 1526 2504 ad
1550 2459 1794 2512 t.11553‚1
1824 2460 1830 2514 Ι
1859 2457 1901 2524 εί

215 2521 378 2578 scripsi
404 2535 507 2564 cum
531 2521 741 2565 Iacobsio
765 2521 880 2565 11.11.
943 2522 988 2566 οἱ
1010 2521 1120 2565 libri
1144 2522 1236 2564 edd
1359 2526 1413 2566 10
1438 2519 1710 2576 ἐτιμήσαμεν
1733 2517 1900 2573 scripsx

274 2578 492 2637 ἐτίμησαν
522 2580 631 2624 libri
657 2581 749 2624 edd
775 2584 781 2637 Ι
808 2597 892 2626 τον
914 2582 960 2626 Ρ
1079 2586 1130 2625 11
1163 2588 1310 2625 ταῦτα
1333 2581 1428 2626 Ath
1488 2575 1620 2622 ταῦτ’
1648 2578 1694 2620 Ρ
1722 2576 1804 2620 sed.
1829 2575 1899 2619 ἐν·

213 2637 359 2683 ταῦθ’
396 2653 609 2696 suprascr
639 2640 723 2694 m2‚
755 2642 802 2684 et
833 2657 887 2696 γρ
919 2640 969 2683 111
999 2653 1134 2697 marg
1156 2639 1257 2684 Mor
1284 2642 1289 2697 Ι
1318 2637 1511 2695 ἀρκέσαι
1542 2635 1706 2692 scripsi
1767 2633 1900 2690 ἀρκέ-

216 2711 314 2742 σειν
344 2698 455 2743 111)1·1
487 2699 577 2742 edd
627 2701 633 2755 Ι
681 2700 764 2743 τὸν
795 2698 1010 2744 θάνατον
1042 2701 1148 2756 post
1179 2699 1360 2744 ἐκεῖνον
1390 2699 1515 2741 inser
1538 2695 1604 2741 Ρ2
1740 2699 1793 2738 12
1829 2690 1901 2737 ὅτε

216 2757 380 2814 scripsi
449 2758 501 2803 δὲ
531 2757 640 2801 libri
673 2759 764 2801 edd
887 2763 940 2802 13
974 2762 1125 2814 σαυτῷ
1159 2758 1322 2814 scripsi
1385 2758 1508 2815 αὐτῷ
1539 2754 1648 2798 libri
1680 2753 1771 2797 edd
1882 2807 1896 2823 ,

219 2821 273 2860 15
297 2817 583 2873 λυπούμενος
605 2816 655 2860 in
677 2817 753 2861 lac
776 2823 804 2860 4
827 2817 907 2860 litt
931 2832 1004 2862 om
1022 2818 1117 2862 Ath
1238 2822 1292 2860 16
1324 2814 1499 2873 χαίρων
1522 2815 1617 2858 Ath
1739 2816 1792 2855 16
1821 2811 1877 2855 ἐπ

217 2889 292 2918 om
315 2875 384 2919 Re
506 2880 560 2919 19
593 2874 760 2932 γονέας
781 2883 872 2920 τῶν
897 2875 1061 2932 scripsi
1092 2877 1280 2919 auctore
1319 2875 1491 2919 Cobeto
1531 2871 1626 2917 coll
1662 2875 1746 2914 28¹7
1808 2876 1903 2913 τῶν

218 2936 368 2979 ἀστῶν
399 2933 510 2978 libri
542 2935 631 2978 cdd
695 2936 896 2984 οἰκείους
926 2935 997 2979 vel
1029 2942 1261 2992 συγγενεῖς
1294 2934 1396 2977 coni
1428 2932 1583 2976 Gasda
