2010 3168
204 110 274 163 58
728 116 730 118 ’
792 110 1082 156 GREGORII
1112 111 1312 156 CYPRH

203 244 293 298 καὶ
334 246 724 314 ὡμολογοῦμεν
772 245 1030 316 δέχεσθαι
1077 249 1191 316 καί,
1237 251 1296 300 τί
1338 249 1440 317 γὰρ
1489 245 1559 317 ἧν
1599 250 1732 303 ἄλλο
1771 268 1892 303 ποι-

203 341 357 402 ῆσαι,
406 336 453 387 εἰ
499 335 571 403 μὴ
619 334 915 403 ,ἐμέλλομεν
961 335 1262 406 βαρβάροις
1310 336 1569 391 ἐκδοῦναι
1608 338 1669 391 τὸ
1711 337 1891 406 γένος;

205 424 293 475 καὶ
327 423 628 492 ἐδεχόμεθα
660 424 761 477 δύο
794 422 958 477 ταῦθ’
996 424 1135 493 ὁμοῦ
1167 424 1595 494 ἐνθυμούμενοι,
1621 427 1694 489 ὡς
1725 424 1893 480 οὐδὲν

207 513 299 580 ἄν,
354 515 405 565 εἰ
449 511 770 582 δεξαίμεθα,
826 515 1173 580 Κορινθίους
1229 513 1625 584 ἀγανακτήσειν
1670 519 1893 568 πολλῶν

160 623 180 656 5
205 599 345 654 ἐτῶν
380 602 486 669 ἤδη
527 605 819 669 γεγονυίας
849 610 943 671 τῆς
975 601 1323 664 ἀποστάσεως
1352 601 1444 656 καὶ
1476 603 1549 666 ὡς
1578 606 1789 672 μᾶλλον
1824 603 1893 658 ἂν

207 689 534 758 ἀγαπήσειν,
589 692 636 743 εἰ
688 689 813 758 μεθ’
868 692 1023 760 ἡμῶν
1076 690 1166 744 καὶ
1223 692 1362 754 ὅλως
1401 690 1678 761 Ἑλλήνων
1726 696 1893 746 Ποτι-

206 780 425 832 δαιᾶται
481 788 762 848 συσταῖεν,
817 779 849 848 ἢ
905 789 1020 843 τοῖς
1074 781 1240 849 φύσει
1294 781 1572 849 πολεμίοις
1626 789 1894 850 συστῆναι

205 868 520 938 βαρβάροις.
560 876 723 922 τοῦτο
762 866 864 937 μὲν
904 870 1007 939 γὰρ
1055 863 1196 922 εἶναι
1234 868 1347 939 μετ’
1396 869 1654 938 ἀδελφῶν
1696 877 1893 937 συστῆ-

207 977 298 1008 ναι
360 956 451 1010 καὶ
513 960 642 1019 τοὺς
703 958 906 1021 αὐτοὺς
967 960 1196 1012 εἰδότων
1248 961 1418 1022 θεοὺς
1472 960 1636 1027 ἱερῶν
1692 978 1748 1011 τε
1802 956 1893 1011 καὶ
1955 1032 1957 1034 ³

139 1067 182 1099 10
207 1049 427 1098 θυσιῶν
480 1044 569 1098 καὶ
626 1047 990 1115 πανηγύρεων
1050 1056 1162 1100 τῶν
1217 1047 1401 1100 αὐτῶν
1457 1048 1894 1114 κοινωνούντων,

208 1133 383 1187 ἐκεῖνο
436 1134 497 1187 δὲ
550 1136 682 1203 μετὰ
728 1144 840 1188 τῶν
887 1135 1193 1206 ἀλλοτρίων
1238 1143 1338 1189 τοῦ
1390 1134 1586 1204 γένους
1630 1135 1720 1188 καὶ
1760 1135 1895 1188 ὅσον

207 1227 465 1276 πλεῖστον
505 1223 905 1292 ἀφεστηκότων.
957 1225 1165 1278 οὔκουν
1211 1225 1414 1288 αὐτούς
1459 1244 1521 1293 γε
1566 1225 1896 1277 τούναντίον

206 1311 465 1385 ᾠήθημεν
511 1318 739 1381 παθεῖν,
794 1316 938 1384 βαρὺ
992 1315 1083 1367 καὶ
1131 1313 1413 1384 ἀφόρητον
1465 1314 1780 1382 ἡγήσασθαι
1834 1313 1894 1364 τὸ

207 1400 575 1470 γεγενημένον
614 1401 704 1455 καὶ
744 1403 882 1471 ἡμᾶς
924 1402 993 1456 δι’
1042 1400 1269 1473 ἔχθρας,
1319 1405 1391 1466 ὡς
1441 1401 1689 1456 οὐδέποτ’
1739 1401 1896 1455 οὐδέ-

141 1510 183 1543 15
209 1511 306 1552 νας
361 1490 689 1559 ἀνθρώπων,
742 1489 903 1560 ἔχειν.
959 1491 1191 1560 λέγομεν
1241 1491 1326 1561 δέ,
1381 1493 1453 1554 ὡς
1491 1499 1598 1545 νῦν
1651 1491 1782 1560 ἡμῖν
1830 1491 1895 1543 τὰ

207 1581 495 1648 πράγματα
533 1579 810 1650 παρέσχον
854 1587 1082 1648 μαθεῖν,
1131 1581 1445 1650 ἐπειδήπερ,
1493 1582 1544 1634 εἰ
1586 1587 1755 1633 ταῦτα
1805 1579 1894 1632 καὶ

206 1670 327 1722 τότε
365 1677 480 1730 τοῖς
519 1670 684 1723 ἔνδον
724 1668 1006 1739 ἐφρόνουν
1045 1675 1343 1739 λογισμοῖς,
1384 1670 1486 1723 οὐκ
1525 1668 1682 1738 ἴσμεν
1715 1667 1896 1736 λέγειν

210 1767 419 1826 σαφῶς,
467 1750 549 1820 οἷς
597 1756 645 1810 δ’
693 1758 762 1811 ἄν
807 1778 890 1820 τις
944 1758 1088 1827 ὅμως
1141 1757 1199 1811 ἐκ
1253 1767 1365 1811 τῶν
1414 1756 1623 1821 ἔξωθεν
1662 1761 1895 1824 εἴκασεν,

209 1843 376 1899 οὐδὲν
415 1844 576 1915 ἀηδὲς
613 1850 963 1900 πεπονθόσιν
1002 1845 1254 1919 ἐῴκεσαν.

143 1954 186 1987 zo
325 1935 407 1987 13.
450 1937 611 2004 Πλὴν
651 1936 752 1989 ὅσα
791 1934 893 2005 μὲν
940 1937 1204 1990 ἐντεῦθεν
1251 1922 1529 1989 ἀναλῶσαι
1577 1933 1779 2002 συνέβη
1827 1939 1901 2005 τῷ

209 2026 384 2096 δήμῳ,
438 2032 602 2078 τοῦτο
647 2022 750 2092 μὲν
795 2028 1034 2095 τριήρεις
1080 2025 1569 2095 παρασκευάζοντι,
1623 2029 1786 2075 τοῦτο
1835 2018 1895 2074 δὲ

208 2112 298 2165 καὶ
339 2115 601 2182 στρατιὰν
631 2116 732 2182 τὴν
763 2115 863 2182 μὲν
902 2114 1007 2167 ἀπὸ
1041 2123 1152 2166 τῶν
1185 2113 1355 2177 ξένων
1386 2110 1763 2180 μισθουμένῳ,
1795 2111 1895 2178 τὴν

211 2200 259 2254 δ’
306 2202 532 2255 οἴκοθεν
587 2206 1037 2272 συναθροίζοντι,
1084 2209 1453 2270 παραιτοῦμαι
1501 2199 1694 2268 λέγειν.
1741 2198 1897 2266 ὑμεῖς

211 2291 295 2358 δέ,
351 2288 392 2344 ὦ
447 2293 585 2360 πρὸς
633 2297 809 2359 θεῶν,
864 2293 1161 2359 λογίζεσθε.
1216 2293 1277 2343 τὸ
1325 2291 1430 2359 γὰρ
1478 2289 1681 2358 χωρίον
1730 2290 1895 2339 Ποτί-

144 2396 186 2430 25
212 2382 341 2432 δαια
379 2380 703 2447 Ἑλληνικὸν
756 2379 880 2448 μέν,
945 2381 1088 2449 ὅμως
1150 2379 1209 2431 ἐν
1270 2377 1406 2447 μέσῃ
1460 2387 1630 2430 κεῖται
1693 2373 1895 2445 Θράκῃ.

210 2472 419 2521 πολλοῦ
462 2466 520 2521 δὲ
561 2477 659 2522 τοῦ
698 2468 897 2537 μεταξὺ
945 2469 1111 2529 πλοὸς
1158 2469 1317 2529 ὄντος
1362 2466 1572 2532 πολλὴν
1617 2465 1749 2532 ἡμῖν
1794 2464 1896 2533 τὴν

212 2557 487 2625 δαπάνην,
534 2559 794 2625 πλείστην
842 2554 901 2609 δὲ
940 2555 1030 2608 καὶ
1070 2557 1170 2623 τὴν
1211 2555 1482 2623 φροντίδα
1520 2561 1755 2621 παρεῖχε.
1805 2550 1895 2604 καὶ

213 2647 387 2712 φόβος
427 2647 486 2698 δὲ
527 2648 634 2713 ἄμα
673 2654 887 2713 προσῆν
918 2643 1126 2714 μήποθ’
1166 2643 1262 2706 οὓς
1295 2643 1593 2711 ἐδεξάμεθα
1625 2642 1896 2703 σώσοντες

334 2809 355 2847 1
390 2805 710 2861 ὡμολογοῦμεν
735 2805 901 2861 scripsi
927 2819 950 2848 e
978 2805 1072 2847 LV
1135 2803 1444 2859 ὁμολογοῦμεν
1479 2801 1615 2845 Schm
1739 2805 1793 2843 14
1826 2799 1895 2857 ἔχ-

211 2866 338 2916 θραν
374 2864 416 2906 V
530 2870 585 2907 22
618 2865 700 2920 τὴν
733 2862 778 2909 δ’
817 2863 954 2907 Schm
1014 2862 1099 2917 τήν
1132 2860 1179 2907 δ’
1208 2862 1305 2906 LV
1420 2865 1476 2904 24
1509 2863 1638 2904 θεῶν
1670 2859 1836 2915 scripsi

212 2924 330 2965 θεοῦ
348 2923 444 2966 LV
466 2923 604 2966 Sohm
630 2924 685 2966 ef.
706 2924 827 2985 adp.
846 2927 916 2977 60,
931 2929 951 2965 1
1077 2927 1130 2964 27
1156 2921 1239 2977 τὴν
1263 2920 1437 2964 inserui
1462 2934 1486 2963 e
1505 2919 1600 2963 LV
1657 2932 1732 2962 om
1757 2918 1896 2962 Schm
