2010 3168
625 89 950 133 HYPERIDIS
983 88 1206 134 ORATIO
1651 89 1759 140 253

60 227 162 280 δεῖ.
220 225 522 295 ἐπιτήδειος
576 221 738 288 οὗτος
787 227 1109 294 δυστυχεῖν,
1166 223 1286 278 ἀλλ’
1359 225 1425 278 οὐ
1487 227 1760 286 Φίλιππος

63 314 349 384 ἐντρυφᾶν
416 324 532 377 τοῖς
591 313 872 383 ἡμετέροις
933 312 1183 376 οἰκέταις.
1253 312 1576 383 ἀδοξότερός
1644 311 1760 365 ἐστι

60 401 468 472 Λημοσθένους
530 400 842 465 ἑαλωκότος.
907 400 1061 465 ξένος
1124 399 1309 471 οὗτος,
1366 401 1482 456 ἀλλ’
1554 401 1762 464 ἐκεῖνος

58 491 333 559 πολέμιος.
381 492 606 558 δοῦλος,
654 490 774 545 ἀλλ’
819 490 1029 554 ἐκεῖνος
1077 489 1291 560 ἐχθρός.
1341 491 1545 553 ἀδίκως
1599 486 1762 552 οὗτος

61 583 142 644 εἰς
194 581 295 648 τὴν
347 581 513 633 πόλιν
567 580 768 634 ἑαυτὸν
821 578 1149 649 ἐνέγραψεν,
1198 580 1407 642 ἐκεῖνος
1454 577 1517 633 δὲ
1556 579 1760 642 ἀδίκως
1808 601 1828 632 5

61 669 235 722 αὑτὸν
274 670 352 731 εἰς
389 670 491 737 τὴν
529 678 642 722 τῶν
673 666 954 738 Ἑλλήνων
994 668 1167 738 ἀρχὴν
1208 668 1487 738 ἐγγράφει.
1531 666 1763 733 ἔκλεψεν

61 753 229 820 οὗτος
290 756 474 826 γένος,
537 757 743 821 ἐκεῖνος
813 759 1158 811 δυναστείαν.
1229 760 1535 821 Παιανιεὺς
1598 753 1762 820 οὗτος

0 886 8 893 -
64 845 270 915 ἐκλήθη
325 845 481 914 ποτέ,
537 845 744 909 ἐκεῖνος
807 846 868 899 δὲ
922 849 1181 916 βασιλεὺς
1235 846 1438 909 ἀδίκως
1491 845 1761 915 κέκληται.

68 937 151 988 19.
176 935 497 1004 ἀφαιρεῖταί
523 956 630 1005 μου
662 937 935 998 Φίλιππος
966 937 1068 1004 τὴν
1100 935 1160 988 ἐν
1189 937 1437 1007 θαλάττῃ
1463 938 1761 1003 πολιτείαν,

62 1023 356 1093 ἀποστερεῖ
408 1043 474 1093 με
520 1023 964 1094 <Δημοσθένης>
1010 1032 1106 1093 τῆς
1157 1032 1256 1078 τοῦ
1307 1024 1508 1093 γένους
1553 1024 1762 1093 ἀρετῆς.
1787 1046 1830 1077 10

64 1113 96 1166 ὁ
137 1110 239 1182 μὲν
279 1112 535 1183 ἐρασθεὶς
574 1116 787 1182 νόμων,
840 1112 990 1166 ἐθῶν
1038 1115 1301 1182 εἰσῆλθεν
1352 1115 1430 1176 εἰς
1467 1113 1570 1182 τὴν
1607 1117 1763 1166 πολι-

67 1204 235 1270 τείαν,
274 1202 304 1255 ὁ
346 1202 407 1255 δὲ
445 1212 624 1271 μισῶν
664 1202 880 1272 ἐχθρῶς
928 1206 1298 1272 σφετερίζεται
1345 1204 1412 1255 τὰ
1457 1212 1569 1255 τῶν
1601 1201 1765 1270 Ἀθη-

68 1300 184 1345 νῶν
230 1292 484 1360 κτήματα.
542 1298 743 1344 τοῦτον
797 1290 1030 1355 ἐδίωξάν
1082 1311 1230 1354 τινες
1284 1290 1531 1345 ἐνταῦθα
1585 1289 1765 1354 ξενίας

67 1382 315 1449 γραφήν,
378 1379 592 1433 ἐκεῖνον
655 1381 713 1432 οἱ
770 1379 998 1450 πατέρες
1058 1380 1214 1450 ἡμῶν
1268 1382 1476 1443 πολλὰς
1532 1378 1765 1443 ἐδίωξαν

67 1469 301 1538 γραφάς,
342 1467 538 1537 ξενίας,
579 1468 851 1539 ἀσεβείας,
904 1469 988 1522 ὅτι
1027 1470 1304 1539 βάρβαρος
1344 1470 1422 1522 ὢν
1461 1468 1551 1521 καὶ
1590 1467 1764 1538 μηδέν
1789 1489 1832 1523 15

0 1556 5 1634 '-
68 1578 120 1610 τι
159 1566 276 1621 ταῖς
307 1556 571 1626 Ἀθήναις
608 1559 906 1628 προσήκων
950 1557 1042 1612 καὶ
1081 1563 1268 1631 πολλῷ
1308 1568 1419 1611 τῶν
1466 1558 1766 1627 βαρβάρων

0 1663 5 1714 ζ
67 1646 424 1715 ἀγενέστερος
485 1648 779 1715 ἡγεμονίας
839 1646 930 1700 καὶ
1000 1649 1327 1710 δυναστείας
1395 1648 1531 1700 κατὰ
1592 1643 1766 1715 μηδὲν

0 1722 4 1747 ³
69 1736 217 1807 αὐτῷ
255 1737 636 1805 προσηκούσης
675 1736 1044 1806 ἀμφισβητεῖν
1083 1736 1437 1790 ἐσπούδακεν.

181 1825 267 1878 20.
299 1822 443 1878 Ἀλλ’
490 1823 678 1894 ἐπειδὴ
718 1828 1071 1894 μεμαθήκατε
1123 1827 1266 1879 διότι
1313 1826 1384 1894 μὴ
1434 1825 1522 1877 δεῖ
1557 1828 1765 1877 πωλεῖν

69 1913 275 1982 ἀλλαχῆ
316 1913 658 1982 Δημοσθένη
708 1911 846 1983 μηδὲ
892 1922 1007 1977 τοῖς
1054 1917 1366 1981 πολεμιόις,
1412 1913 1770 1966 ὑπολείπεταί
1790 1935 1835 1966 20

73 2004 244 2072 *ἡ
278 2028 410 2073 Dem.
441 2045 487 2086 p.
515 2034 688 2084 1368‚8
812 2034 868 2073 14
900 2045 966 2086 sq.
1002 2030 1059 2074 cf.
1092 2045 1137 2086 p.
1163 2033 1307 2084 246‚1

192 2138 214 2176 1
250 2132 509 2187 ἐπιτήδειος
540 2129 676 2184 οὗτος
700 2133 774 2177 bis
800 2134 875 2178 La
917 2136 923 2190 Ι
962 2131 1188 2183 Φίλιππος
1219 2133 1386 2190 scripsi
1417 2135 1606 2177 auctore
1638 2132 1705 2176 Re

68 2190 299 2248 φίλιππον
315 2191 427 2235 libri
443 2192 535 2236 edd
553 2193 632 2235 sed
650 2193 735 2250 χρὴ
752 2194 990 2249 ἐντρυφᾶν
1007 2193 1111 2237 coni
1125 2193 1228 2236 Mor
1318 2197 1343 2235 3
1361 2189 1687 2249 δημοσθένους
1699 2192 1767 2236 Va

71 2251 155 2294 sed
180 2267 261 2302 ους
282 2251 332 2294 in
355 2265 431 2295 ras
447 2250 518 2294 m²
638 2257 664 2296 5
690 2251 858 2296 ἑαυτὸν
875 2250 1133 2309 ἐνέγραψεν
1160 2253 1229 2296 Va
1245 2252 1328 2295 sed
1345 2251 1489 2296 αυτὸν
1507 2250 1766 2309 ἐνέγραψεν

71 2310 121 2353 in
153 2323 226 2353 ras
251 2309 321 2353 m'
344 2313 391 2354 et
416 2310 437 2355 ἐ
469 2325 608 2366 supra
640 2310 661 2355 ἑ
691 2311 761 2354 m¹
788 2314 794 2368 Ι
823 2309 1082 2369 ἐνέγραψεν
1112 2312 1161 2355 in
1193 2325 1328 2368 marg
1360 2310 1427 2355 L*
1498 2310 1765 2367 ἀνέγραψεν

76 2371 165 2413 Μα
191 2370 197 2427 Ι
226 2368 276 2413 δὲ
310 2383 386 2413 om
409 2370 458 2413 D
582 2374 606 2413 6
639 2370 785 2414 αὐτὸν
823 2371 892 2415 Va
924 2371 1004 2415 sed
1033 2369 1045 2385 '
1080 2370 1131 2414 in
1155 2368 1166 2385 ²
1207 2383 1309 2414 oon·
1338 2370 1422 2424 m²‚
1455 2370 1598 2415 MaD
1629 2369 1721 2413 edd
1757 2371 1760 2415 1

70 2441 182 2472 voce
207 2428 429 2485 ἐγγράφει
455 2428 535 2472 des
552 2429 602 2473 D
725 2434 779 2473 10
805 2445 859 2485 με
876 2444 950 2474 om
967 2429 1070 2474 Mor
1092 2435 1102 2485 1
1130 2428 1440 2486 Δημοσθένης
1454 2428 1629 2473 inserui
1691 2443 1766 2473 om

71 2487 183 2531 libri
200 2487 291 2530 edd
319 2490 325 2543 1
352 2495 434 2531 τοῦ
458 2494 540 2543 τῆς
563 2489 728 2544 ἀρετῆς
754 2487 920 2546 γένους
944 2490 1154 2534 VaBMa
1276 2493 1330 2532 12
1364 2488 1535 2547 ἐχθρὸς
1557 2489 1766 2533 VaBMa

70 2603 73 2605 ‚
200 2551 253 2589 13
287 2546 498 2592 ἐνταῦθα
531 2560 606 2590 om
630 2548 706 2592 La
828 2554 884 2592 14
916 2549 1098 2593 ἐκεῖνον
1133 2549 1202 2592 Va
1232 2548 1314 2592 sod
1349 2564 1435 2591 νον
1464 2547 1513 2591 in
1545 2562 1621 2591 ras
1652 2546 1724 2590 m'
1757 2547 1761 2605 Ι

73 2605 200 2661 ὑμῶν
228 2607 316 2650 Μα
348 2605 429 2649 sed
460 2623 489 2649 υ
521 2606 571 2648 in
601 2619 677 2650 ras
704 2608 712 2663 Ι
738 2607 958 2658 πολλάκις
983 2608 1073 2652 Μα
1100 2610 1106 2663 Ι
1144 2605 1343 2660 ἐδίωξαν
1378 2607 1445 2650 Va
1476 2606 1558 2651 sed
1591 2604 1766 2659 ὃίωξαν

73 2663 122 2707 in
154 2678 228 2708 ras
261 2664 343 2720 m',
375 2666 452 2709 La
484 2666 566 2708 sed
599 2681 619 2709 ε
651 2667 699 2709 et
730 2666 753 2719 ξ
785 2666 832 2709 in
865 2681 940 2710 ras
1007 2665 1276 2723 ἐγράψαντο
1302 2667 1393 2711 Μα
1515 2669 1567 2708 17
1602 2665 1767 2721 ἡγεμο-

75 2720 199 2774 νίαις
229 2724 309 2767 καὶ
336 2722 632 2774 δυναστείαις
655 2726 704 2768 et
725 2725 1069 2782 προσηκούσαις
1094 2726 1211 2770 VaB
1332 2729 1385 2768 17
1418 2724 1534 2781 πρὸς
1561 2726 1648 2769 Μα

75 2786 131 2825 19
170 2781 404 2838 μεθήκατε
443 2783 545 2826 Mor
593 2785 599 2838 Ι
650 2785 724 2826 δεῖ
751 2797 827 2827 om
853 2786 942 2829 Ma
1092 2789 1148 2828 20
1193 2784 1366 2841 ἀλλαχῆ
1401 2783 1564 2840 scripsi
1597 2797 1622 2827 e
1646 2785 1692 2827 B

72 2840 274 2898 ἀλλαχοῦ
310 2842 594 2886 VaMaLLa
632 2842 724 2886 edd
756 2843 838 2886 sed
872 2845 1055 2900 „malim
1088 2842 1302 2900 &Mazoff‘
1338 2843 1406 2887 Re
1432 2844 1440 2898 1
1468 2841 1767 2899 δημοσθένην

14 3011 15 3014 ¹
87 2942 246 2987 VaMa
274 2946 280 2999 Ι
308 2943 366 3000 μὴ
401 2943 451 2989 δὲ
485 2946 722 2989 VaMaLa
750 2948 756 2999 Ι
784 2919 1085 2990 ἀπολείπεταί
1111 2946 1182 2990 Va
