2010 3168
197 132 300 183 118
672 131 900 175 LIBANII
929 130 1319 176 DECLAMATIO
1352 130 1437 175 XV

192 277 328 335 μῶν,
369 268 438 321 ἂν
475 273 835 338 κατορθωθῇ;
884 268 935 320 εἴ
970 288 1078 336 τις,
1127 264 1168 320 ὦ
1209 268 1411 337 ἄνδρες
1450 267 1724 337 δικασταί,
1770 276 1885 331 τοῖς

195 358 479 425 δημοσίοις
532 355 841 425 ἐφεστηκὼς
896 356 957 410 ἐν
1010 365 1126 420 τοῖς
1179 358 1418 427 πρώτοις
1471 357 1768 410 ὑπακούων
1815 363 1889 431 τῷ

193 447 290 508 τίς
345 445 691 516 ἀγορεύειν
746 446 1078 513 βούλεται;
1132 447 1454 516 πρεσβεύων
1509 445 1697 508 ὁσάκις
1751 444 1886 514 δέοι,

193 540 517 604 νομοθετῶν
565 534 704 587 ὅπου
757 537 969 604 καιρός,
1017 536 1262 604 χρήματα
1311 536 1470 588 κοινὰ
1525 536 1885 604 διαχειρίζων,

148 624 581 692 5προσκρούων,
645 624 717 686 ὡς
779 626 948 692 εἰκός,
1020 623 1080 676 ἐν
1141 632 1205 693 τῇ
1268 626 1515 694 πολιτείᾳ
1571 632 1722 693 πᾶσι,
1776 624 1885 677 τισὶ

193 713 585 781 φθονούμενος
646 708 730 781 ἐφ’
793 706 876 775 οἷς
938 711 1240 766 ἐπαινεῖται
1294 716 1421 781 βίον
1476 712 1778 766 ἀκίνδυνον
1827 712 1887 766 ἐν

194 800 528 873 ἐπικινδύνῳ
567 800 883 871 προαιρέσει
924 802 1188 870 φυλάττει
1227 805 1398 869 μόνος
1436 799 1527 854 καὶ
1567 806 1743 871 κρίνει
1786 798 1886 870 μὲν

193 889 290 952 οὓς
344 888 414 943 ἂν
468 889 798 954 ἀδικοῦντας
853 891 1017 960 λάβῃ,
1075 890 1266 961 μηδεὶς
1328 888 1388 944 δὲ
1449 891 1652 944 τούτου
1712 888 1886 960 μηδὲν

193 978 632 1048 άντικατηγορεῐ,
695 976 857 1042 οὗτος
919 979 946 1033 ὁ
1000 980 1166 1049 μέγας
1229 982 1576 1049 δημαγωγός,
1639 976 1801 1042 οὗτος
1855 979 1883 1032 ὁ

127 1091 168 1123 ιο
192 1069 456 1136 κρείττων
512 1068 755 1136 ἐλπίδος,
818 1062 859 1141 ᾧ
917 1077 1269 1139 συγχωροῦσι
1322 1068 1412 1123 καὶ
1478 1071 1592 1140 ἰδίᾳ
1644 1067 1733 1122 καὶ
1789 1070 1883 1138 δη-

191 1160 358 1228 μοσίᾳ
420 1158 619 1220 πάντες
681 1159 972 1229 ἄνθρωποι
1033 1160 1429 1212 πολιτεύεσθαι
1490 1163 1665 1221 καλῶς
1725 1166 1884 1229 κοινῇ

191 1266 292 1312 μεν
330 1248 673 1315 πειθόμενοι,
712 1245 826 1300 κατ’
876 1248 1054 1318 ἄνδρα
1094 1246 1154 1300 δε
1194 1249 1266 1318 μὴ
1308 1250 1664 1318 γραφόμενοι
1707 1249 1882 1300 τούτω

191 1343 572 1405 μαρτυροῦσιν
622 1334 717 1404 ἀφ’
773 1334 895 1399 ενὸς
941 1338 1206 1405 στόματος
1254 1358 1295 1390 ω
1348 1346 1652 1404 σιωπῶσιν,
1712 1331 1884 1404 εὖνοι,

191 1427 444 1492 κακόνοι,
506 1432 612 1487 πᾶς
667 1425 695 1478 ὁ
752 1426 949 1494 δῆμος,
1004 1427 1057 1478 οἱ
1106 1426 1355 1495 ῥήτορες,
1411 1426 1469 1477 οἱ
1525 1425 1883 1493 συκοφάνται.

127 1536 167 1568 15
194 1513 241 1566 6.
282 1514 390 1581 εἰμὶ
429 1514 624 1566 τοίνυν
664 1510 827 1577 οὗτος
872 1514 1005 1581 ὑμῖν
1053 1513 1174 1583 ἐγώ.
1228 1514 1360 1567 οὐδὲ
1406 1515 1508 1583 γὰρ
1558 1510 1720 1576 οὗτος
1766 1513 1883 1583 με’ν,

193 1604 265 1665 ὥς
299 1616 488 1671 φησιν,
522 1602 708 1672 ἐπειδὴ
740 1607 1147 1671 πεπολίτευται,
1179 1605 1505 1673 κρινόμενος
1538 1603 1605 1656 οὐ
1636 1603 1884 1670 παύεται,

194 1692 298 1760 ε’γὼ
340 1692 402 1745 δὲ
440 1698 515 1764 τῷ
549 1693 780 1761 φεύγειν
818 1694 885 1746 τὰ
918 1683 1077 1746 κοινὰ
1109 1691 1199 1745 καὶ
1232 1693 1333 1760 τὴν
1367 1693 1527 1760 δίκην
1558 1690 1882 1762 ἐκπέφευγα.

192 1784 324 1850 μίαν
359 1782 459 1849 τὴν
497 1782 722 1851 πρώτην
761 1782 896 1835 ὁδὸν
934 1784 1267 1850 τραπόμενοι
1307 1783 1410 1850 τὴν
1446 1782 1588 1835 εὐθὺ
1619 1788 1720 1834 τοῦ
1752 1783 1884 1850 βου-

193 1870 484 1940 λευτηρίου
525 1869 615 1923 καὶ
655 1878 751 1939 τῆς
797 1872 1007 1934 πνυκὸς
1054 1870 1359 1940 ἀντίτεχνοι
1406 1871 1495 1923 καὶ
1543 1880 1654 1923 τῶν
1701 1870 1885 1923 αὐτῶν

126 1982 170 2014 20
193 1957 594 2027 ἀνταγωνισταὶ
650 1959 710 2012 ἐν
762 1968 880 2022 τοῖς
939 1960 1151 2027 ὁμοίοις
1212 1959 1465 2028 ἀνόμοιοι
1526 1960 1882 2028 διεφάνημεν,

191 2048 327 2118 ἥπερ
377 2048 689 2118 σαφεστάτη
739 2049 1051 2117 διάγνωσις.
1091 2049 1157 2101 τὰ
1194 2049 1296 2115 μὲν
1337 2045 1441 2102 οὖν
1479 2047 1605 2102 καθ’
1654 2047 1884 2102 ἕκαστον

191 2145 302 2189 τῶν
356 2138 769 2204 πολιτευμάτων
823 2145 1037 2206 μακροῦ
1093 2140 1286 2206 λόγου,
1348 2138 1408 2190 τὸ
1463 2138 1768 2206 κεφάλαιον
1823 2134 1882 2189 δὲ

191 2224 316 2292 περὶ
357 2221 423 2278 οὗ
463 2226 528 2278 τὰ
567 2232 675 2278 νῦν
715 2226 746 2294 ἡ
786 2227 987 2295 κρίσις,
1035 2227 1242 2288 πολλὰς
1288 2225 1509 2293 γνώμας
1560 2219 1711 2278 εἶπεν
1748 2223 1883 2295 ,Άρι-

313 2360 339 2399 3
383 2355 440 2399 cf.
480 2371 523 2412 p.
553 2361 652 2411 150,
670 2361 708 2400 6.
760 2356 890 2401 Dem.
923 2372 968 2413 p.
995 2361 1139 2411 2923
1296 2360 1347 2399 18
1392 2356 1447 2399 cf.
1488 2371 1533 2412 p.
1562 2360 1661 2411 149,
1680 2358 1733 2399 18

197 2419 250 2458 19
284 2414 341 2458 of.
376 2430 420 2471 p.
449 2420 517 2470 93,
538 2420 562 2459 3

313 2538 337 2575 2
370 2540 467 2584 τοῖς
496 2533 672 2577 inserui
696 2547 721 2576 e
756 2535 843 2578 Ma
905 2548 980 2578 om
1012 2536 1085 2591 ΡΙ
1113 2534 1163 2577 τὸ
1191 2534 1280 2577 Μα
1401 2538 1427 2577 3
1451 2549 1520 2584 τις
1545 2535 1591 2578 Ρ
1706 2538 1731 2576 5
1755 2531 1881 2591 πάσῃ

192 2590 284 2636 τισί
300 2592 405 2636 coni
424 2592 663 2636 Hertlinus
724 2592 853 2661 παρά
873 2607 964 2637 τισι
981 2593 1182 2637 Cobetus
1303 2597 1328 2635 8
1347 2593 1493 2648 μηδὲν
1510 2592 1674 2648 scripsi
1692 2607 1714 2635 e
1735 2594 1823 2636 Ma

194 2650 254 2707 μὴ
273 2651 322 2696 δὲ
343 2653 388 2695 Ρ
444 2649 554 2708 μηδ’
578 2652 688 2695 olim
706 2652 882 2696 conieci
1005 2656 1059 2695 10
1076 2652 1221 2710 τούτῳ
1240 2651 1350 2695 olim
1369 2651 1544 2695 conieci
1667 2656 1718 2694 11
1746 2650 1880 2707 κοινὴ

196 2712 242 2755 Ρ
360 2715 412 2753 16
438 2708 774 2765 πεπολίτευται,
801 2709 1074 2767 κρινόμενος
1097 2711 1152 2755 οὐ
1175 2710 1390 2764 παύεται,
1415 2711 1502 2766 ἐγὼ
1528 2708 1579 2753 δὲ
1603 2713 1666 2768 τῷ
1692 2709 1881 2782 φεύγειν

193 2768 251 2812 τὰ
283 2768 419 2812 κοινὰ
449 2770 530 2813 καὶ
561 2769 643 2825 τὴν
675 2768 811 2826 δίκην
853 2768 1129 2827 ἐκπέφευγα
1170 2767 1281 2825 μίαν
1322 2769 1486 2825 scripsi
1558 2756 1881 2813 πεπολίτευται

194 2827 251 2871 τὰ
283 2844 432 2881 κοινα,
466 2829 553 2884 ἐγὼ
586 2828 636 2871 δὲ
667 2836 729 2872 τῶ
764 2829 954 2885 φεύγειν
986 2829 1138 2873 καὶτὸ
1166 2827 1302 2884 δίκην
1329 2836 1495 2885 φυγεῖν
1523 2830 1794 2883 κρινόμενος
1825 2828 1879 2871 οὐ

194 2886 412 2931 παύεται·
440 2885 702 2944 ἐκπέφευγα
719 2886 830 2944 μίαν
842 2890 980 2933 ΜαΡ
1096 2893 1147 2931 21
1168 2887 1517 2932 καθέκαστονΡ
1574 2884 1689 2930 καθ’
1713 2885 1881 2930 ἕκαστα

197 2948 286 2991 Μα
318 2946 374 2989 cf.
407 2961 452 3003 p.
481 2950 578 3001 133,
597 2950 645 3002 83
681 2952 779 3001 157,
798 2953 823 2990 5
946 2951 1001 2990 23
1032 2954 1178 2991 τανῦν
1204 2948 1342 2992 ΜαΡ
