2010 3168
249 112 362 164 224
562 170 565 172 ¹
719 111 947 156 LIBANII
976 112 1367 157 DECLAMATIO
1400 112 1529 158 XVII

248 247 396 309 ὅπως
440 248 512 316 μὴ
562 248 857 315 δυνήσεται
905 248 1193 311 Φίλιππος.
1248 249 1321 310 ὡς
1369 247 1685 316 δυνηθέντα
1731 269 1793 317 γε
1839 251 1940 303 οὐκ

246 333 400 388 ἔστιν
455 335 483 388 ὃ
538 337 788 390 κωλύσει.
852 338 1001 389 ἔσται
1056 334 1104 389 δ’
1165 336 1324 404 ὑμῶν
1376 337 1477 405 μὲν
1535 336 1940 406 ἐπιτρεπόντων

246 424 433 492 μέγας,
474 424 858 495 ἐγρηγορότων
900 422 960 478 δὲ
999 425 1089 478 καὶ
1134 423 1600 494 παροξυνομένων
1646 427 1748 495 οὐχ
1795 427 1940 490 ὅπως

246 516 443 581 μείζων
489 513 521 582 ἢ
570 522 703 580 νῦν,
759 512 874 566 ἀλλ’
930 512 1052 567 οὐδ’
1105 514 1232 576 ’ὅσος
1286 513 1399 567 ἐστὶ
1452 522 1582 583 νῦν.
1639 514 1939 584 ἀναμιμνη-

199 625 222 656 5
249 601 468 655 σκέσθω
510 599 571 655 δὲ
609 611 705 672 τῆς
744 604 822 666 εἰς
863 604 1055 665 Πύλας
1094 604 1374 671 βοηθείας,
1411 603 1445 672 ἢ
1491 602 1732 656 Φωκέων
1770 604 1939 661 αὐτὸν

245 690 638 761 ἀπεκρούσατο,
676 686 768 744 οἷαὶ
807 692 980 760 μηδὲν
1017 701 1133 754 τοῖς
1178 699 1454 759 παροῦσιν
1502 691 1828 761 ἐπαιρέσθω.
1875 694 1936 746 τὸ

241 781 346 849 γὰρ
387 779 457 833 δι’
505 779 711 848 ἀπάτης
751 777 971 850 ληφθὲν
1019 780 1172 833 οὔπω
1223 780 1418 848 δεῖγμα
1465 787 1558 848 τῆς
1604 787 1704 834 τοῦ
1751 801 1937 852 κεκρα-

240 871 468 937 τηκότος
517 870 714 937 ῥώμης.
769 868 855 921 59.
897 866 1015 922 ἀλλ’
1064 870 1112 922 εἰ
1150 867 1240 921 καὶ
1281 870 1499 938 σφόδρα
1546 867 1778 939 ἔρρωται
1823 878 1938 933 τοῖς

241 960 598 1026 πεζεταίροις,
662 957 758 1020 οὓς
821 957 1002 1011 ἀκούω
1064 960 1250 1011 πίνειν
1311 956 1516 1011 εἰδέναι
1570 959 1850 1027 <μᾶλλον>
1903 958 1935 1026 ἢ

173 1069 219 1100 10
242 1047 541 1116 μάχεσθαι,
595 1048 817 1115 μείζων,
866 1044 907 1099 ὦ
949 1047 1148 1114 ἄνδρες
1195 1045 1504 1115 Ἀθηναῖοι,
1559 1049 1838 1117 συμμαχία
1875 1050 1935 1102 τὸ

243 1145 354 1188 τῶν
393 1141 544 1189 θεῶν
584 1134 822 1203 εὐμενές,
872 1134 963 1188 καὶ
1003 1132 1174 1204 ἔγωγε
1220 1137 1354 1204 μετὰ
1400 1136 1613 1189 τούτων
1659 1139 1828 1206 μόνος
1867 1137 1936 1190 ἂν

239 1223 658 1294 παρατάξασθαι
729 1222 990 1293 δεξαίμην
1053 1223 1085 1292 ἢ
1147 1225 1281 1293 μετὰ
1341 1228 1565 1278 πολλῶν
1632 1224 1934 1295 μυριάδων.

239 1313 406 1375 αὐτὸς
445 1312 473 1366 ὁ
515 1314 763 1381 Πύθιος,
818 1310 885 1367 οὗ
932 1314 1032 1366 τὸν
1081 1314 1232 1383 ἱερὸν
1287 1316 1499 1382 χραίνει
1553 1315 1748 1382 τόπον,
1802 1314 1934 1383 ἡμῖν

149 1405 271 1449 RIII
286 1410 372 1450 422
427 1402 497 1455 ἂν
544 1403 715 1455 αὑτόν
760 1422 817 1455 τε
865 1401 955 1455 καὶ
1003 1403 1104 1470 τὴν
1151 1402 1322 1455 αὑτοῦ
1377 1402 1383 1471 Ι
1442 1404 1755 1471 συμμαχίαν
1800 1400 1933 1456 ἔδω-

173 1516 214 1548 15
238 1510 358 1557 κεν,
398 1490 427 1543 ὁ
460 1489 735 1561 τΗρακλῆς
774 1492 947 1544 αὐτοῦ
995 1508 1102 1543 που
1150 1485 1454 1558 τιμώμενος
1499 1492 1730 1554 παλαιὸς
1778 1492 1935 1561 ἡμῶν

239 1581 669 1648 συστρατιώτης,
715 1580 748 1648 ἡ
798 1585 1041 1648 λαχοῦσα
1090 1580 1192 1647 τὴν
1246 1581 1431 1650 χώραν
1477 1580 1611 1642 θεὸς
1649 1580 1683 1649 ἡ
1730 1580 1932 1653 ξυλίνῳ

236 1670 400 1737 τείχει
439 1671 712 1738 κρείττονι
752 1658 851 1721 τοῦ
890 1669 1256 1736 Βαβυλωνίου
1295 1671 1576 1737 τειχίσασα
1615 1670 1715 1737 τὴν
1752 1670 1930 1722 πόλιν.

350 1756 436 1809 60.
499 1760 680 1809 Ταῦτα
733 1765 870 1826 χρῆν
928 1755 1351 1824 ἐνθυμούμενον
1406 1758 1680 1826 Αἰσχίνην
1732 1760 1930 1827 χρήσα-

357 1877 383 1916 5
416 1872 544 1916 Dem.
578 1872 697 1917 Phil.
722 1872 743 1915 I
774 1887 816 1928 p.
845 1877 916 1926 44,
935 1877 1011 1926 283
1059 1872 1163 1916 fals.
1196 1872 1286 1929 leg.
1319 1887 1365 1928 p.
1392 1877 1588 1927 367‚21;
1636 1877 1738 1927 443,
1756 1877 1809 1916 29

235 1935 262 1974 9
297 1931 354 1975 cf.
387 1934 420 1975 t.
443 1931 508 1975 IV
534 1937 634 1987 248,
652 1936 728 1986 273
766 1937 940 1986 258,8;
986 1932 1208 1985 317‚7R.
1256 1931 1387 1975 Dem.
1422 1930 1561 1975 0111
1591 1947 1636 1987 p.
1664 1937 1785 1986 2:3‚2

237 1995 292 2034 13
318 1991 448 2035 Dem.
474 2005 563 2036 cor.
589 2006 635 2047 p.
662 1996 762 2044 274,
781 1996 834 2034 27
959 1995 1013 2034 15
1045 1991 1153 2036 Her.
1180 1990 1264 2035 VH
1289 1995 1388 2035 176.
1419 1990 1592 2034 Polem.
1618 1990 1789 2049 Cyneg.
1815 1995 1926 2045 535.

234 2049 350 2094 Call.
383 2056 407 2104 g
431 2055 501 2095 62.
534 2050 715 2095 Paus.1
742 2055 868 2105 15‚4;
903 2055 1018 2105 32‚4
1142 2055 1195 2094 16
1228 2049 1286 2094 cf.
1309 2053 1344 2094 t.
1368 2049 1498 2104 1133,
1516 2054 1573 2094 24
1695 2054 1748 2093 17
1783 2050 1841 2095 ef.
1868 2051 1927 2094 ad

233 2111 269 2154 t.
293 2109 358 2153 IV
381 2114 483 2165 338,
502 2115 548 2163 ’ῖς
582 2123 650 2166 ep.
681 2114 764 2154 196
794 2111 800 2166 Ι
829 2124 947 2154 orac.
983 2110 1109 2165 apud
1141 2109 1249 2154 Her.
1275 2109 1358 2152 VII
1382 2114 1464 2153 141
1490 2124 1530 2152 v.
1558 2114 1582 2152 6

357 2219 378 2256 1
418 2215 532 2269 „imo
563 2228 665 2258 vero
699 2211 821 2264 ὅπως
853 2215 1088 2268 ἐπιορκεῖν
1120 2213 1204 2269 (vel
1228 2214 1424 2269 ἀδικεῖν)
1457 2212 1516 2268 μὴ
1543 2211 1804 2266 δυνήσεται.
1849 2213 1928 2257 Vel

231 2273 371 2316 etiam
401 2275 466 2317 sic
496 2273 620 2317 dedit
651 2274 884 2317 Libanius
916 2273 1148 2326 ἐπιορκεῖν
1180 2272 1259 2315 καὶ
1290 2279 1445 2322 κακῶς
1475 2271 1595 2328 ὑμᾶς
1617 2278 1771 2315 ποιεῖν
1802 2270 1927 2322 ὅπως

233 2330 294 2387 μὴ
329 2330 605 2387 δυνήσεται“
638 2332 704 2375 Re
731 2334 780 2375 at
803 2332 860 2375 cf.
887 2347 933 2388 p.
959 2336 1059 2385 226,
1078 2335 1102 2373 2
1226 2335 1250 2372 2
1285 2331 1337 2374 δὲ
1362 2330 1429 2374 Re
1551 2334 1576 2373 3
1611 2327 1733 2380 ὅπως
1761 2329 1926 2386 scripsi

235 2392 423 2434 auctore
455 2390 522 2434 Re
584 2389 729 2441 οὕτως
754 2392 897 2435 ΗΜα
968 2389 1086 2434 οὕτω
1112 2390 1255 2434 AthP
1282 2389 1373 2432 edd
1517 2394 1543 2431 4
1576 2389 1685 2433 οὐδὲ
1718 2389 1784 2432 Re

233 2453 260 2491 5
294 2449 345 2494 δὲ
377 2449 551 2492 inserui
584 2464 639 2493 ex
663 2451 893 2494 AthPMa
954 2463 1029 2493 om
1054 2450 1111 2493 H
1137 2449 1228 2491 edd
1271 2451 1276 2505 Ι
1326 2462 1437 2493 voce
1469 2448 1617 2497 πύλας
1649 2447 1730 2491 des
1755 2449 1814 2492 H

234 2512 260 2550 6
293 2505 402 2564 μηδ’
440 2507 490 2552 ἐν
517 2510 605 2552 Ma
734 2514 759 2552 9
792 2506 1076 2563 πεζεταίροις
1107 2507 1175 2550 Re
1236 2507 1521 2562 πεζαιτέροις
1544 2508 1678 2551 PMa
1709 2506 1811 2550 Mor
1842 2507 1923 2550 sed

230 2566 282 2608 in
313 2567 402 2611 hoo
432 2584 487 2623 γρ
519 2565 788 2623 πεζαίτερον
819 2568 869 2610 in
904 2581 1038 2624 marg
1112 2574 1325 2622 περαιοῑς
1347 2568 1442 2610 Ath
1490 2569 1496 2622 Ι
1545 2568 1715 2622 μᾶλλον
1749 2566 1923 2609 inserui

231 2629 422 2670 auctore
453 2626 556 2670 Mor
632 2640 707 2669 om
737 2626 848 2669 libri
881 2627 972 2670 edd
1117 2630 1168 2668 11
1203 2625 1379 2669 τούτων
1411 2625 1478 2668 Re
1553 2624 1720 2669 τούτου
1751 2624 1863 2668 libri

230 2684 377 2742 τούτῳ
410 2685 512 2729 Mor
655 2690 708 2728 12
742 2683 965 2741 δεξαίμην
996 2684 1099 2728 Mol·
1173 2682 1402 2740 δοξαίμην
1426 2685 1655 2728 AthPMa
1695 2686 1743 2727 et
1781 2701 1836 2740 γρ
1871 2683 1920 2727 in

231 2758 365 2799 marg
381 2744 482 2788 Mor
605 2748 657 2787 13
683 2748 771 2804 χρᾷ
788 2744 891 2787 Mor
907 2744 988 2788 sed
1005 2761 1058 2800 γρ
1077 2741 1213 2799 χραίη
1231 2743 1281 2786 in
1296 2757 1429 2800 marg
1551 2746 1605 2785 14
1623 2740 1767 2787 αὐτὸν
1783 2743 1926 2787 AthP

231 2801 333 2846 Mor
382 2804 388 2858 Ι
438 2803 582 2847 αὑτοῦ
607 2803 673 2846 Re
736 2804 880 2847 αὐτοῦ
903 2803 1013 2846 libri
1037 2802 1139 2845 Mor
1275 2807 1329 2845 15
1353 2817 1418 2858 πη
1446 2803 1534 2845 Ma
1594 2816 1706 2844 num
1735 2809 1919 2857 πρῶτον

231 2861 527 2905 scribendum
559 2861 650 2905 coll
679 2861 815 2905 Paus.
848 2862 896 2905 11.
923 2861 1001 2906 IL?
1029 2864 1035 2917 Ι
1063 2862 1191 2916 ὑμῶν
1222 2862 1310 2905 Ma
1441 2865 1494 2904 16
1528 2861 1806 2916 στρατιώτης
1830 2862 1919 2904 Ma

352 2926 404 2963 17
431 2919 732 2978 βαβυλωνίων
758 2923 802 2965 Ρ
822 2921 923 2964 Mor
