2010 3168
427 110 797 156 DEMOSTHEN
801 110 854 154 IS
883 109 1231 167 DEDITIONIS
1260 109 1500 155 ΡΕΤΙΤΙΟ
1712 110 1819 164 325

131 253 330 318 φυλῆς,
370 249 560 314 οἰκίας,
600 247 783 316 ἱερῶν,
824 246 1013 315 ὁσίων,
1052 246 1245 314 τάφων
1274 244 1562 317 πατρῴων,
1600 249 1821 300 πολλῶν

131 336 332 406 ἑτέρων
375 338 582 406 βραχὺς
627 332 814 404 ἔμοιγε
861 337 1023 402 λόγος
1072 335 1165 387 διὰ
1210 335 1311 403 τὴν
1356 337 1494 405 πρὸς
1547 335 1687 403 ὑμᾶς
1734 336 1820 389 εὔ-

130 446 304 479 νοιαν.
359 427 474 478 ἔστι
528 425 659 493 γάρ,
715 421 892 493 οἶμαι,
954 422 1046 476 καὶ
1109 424 1327 476 δίκαιον
1387 424 1478 477 καὶ
1538 432 1819 494 προσῆκον

130 515 303 576 οὕτως
342 511 631 582 ἑκατέρους
670 522 927 582 φρονεῖν,
974 513 1065 565 καὶ
1109 513 1250 579 ὑμᾶς
1275 513 1398 581 μὲν
1443 510 1672 582 ἔχεσθαι
1709 521 1821 566 τῶν

127 606 427 656 πολιτικῶν
464 600 556 654 καὶ
589 599 763 670 μηδὲν
792 601 1053 669 ἡγεῖσθαι
1085 605 1414 669 τηλικοῦτον
1445 600 1516 654 δι’
1557 602 1586 656 ὃ
1620 603 1705 654 δεῖ
1736 600 1819 654 ἐκ·
1868 623 1885 654 5

127 692 331 754 δοῦναί
337 710 467 760 ,τινα
488 699 604 754 τοῖς
627 690 894 771 ἐχθροῖς]
927 693 1060 759 μήτε
1084 689 1278 758 κέρδος
1301 692 1434 759 μήτε
1458 693 1640 760 φόβον
1685 694 1805 739 RIV
1824 699 1904 739 271

125 783 499 849 wq'vexmpofi
547 780 874 848 δυσκολίαν,
928 779 1083 848 ἡμῶν
1138 780 1199 833 δὲ
1246 778 1479 833 ἕκαστον
1524 776 1663 847 ὑπὲρ
1710 789 1821 833 τῶν

127 868 262 935 ὑμῖν
296 859 704 938 ,συμφερόντων
743 868 916 937 μηδὲν
956 867 1157 922 ὀκνεῖν.
1517 852 1519 859 ’

240 957 324 1010 13.
371 956 875 1026 Ἀλλ’«ἐναντία,
930 960 1090 1026 φησί,
1145 958 1410 1011 πείθειν
1464 956 1820 1028 ἐπιχειρεῖς

125 1048 239 1100 τὸν
293 1047 503 1115 δῆμον
556 1055 693 1109 τοῖς
747 1066 811 1099 τε
866 1049 1095 1115 νόμοις
1141 1048 1266 1115 ἅμα
1311 1045 1415 1100 καὶ
1468 1055 1606 1110 τοῖς
1651 1048 1819 1115 παρὰ

123 1136 329 1189 πάντα
382 1136 495 1188 τὸν
556 1137 796 1205 χρόνον
849 1135 1282 1205 βεβιωμένοις
1335 1143 1409 1206 τῇ
1462 1138 1661 1189 πόλει.
1717 1136 1821 1189 καὶ

124 1226 344 1290 ποίοις
392 1225 766 1294 ὀφθαλμοῖς
814 1224 1113 1294 ὀψόμεθα
1161 1215 1314 1288 τοὺς
1346 1224 1662 1293 ’Ἕλληνας
1715 1224 1820 1277 καὶ

123 1315 270 1367 τίνα
323 1315 527 1383 καλὴν
581 1313 864 1384 ἐροῦμεν
921 1324 1058 1378 τοῖς
1120 1314 1406 1380 ἐρωτῶσι
1460 1315 1821 1385 πρόφασιν;

122 1403 215 1455 καὶ
253 1411 481 1456 τοιαῦτα
520 1402 713 1473 ἐροῦσί
747 1422 907 1466 τινες.
955 1401 1061 1471 ἐγὼ
1109 1401 1195 1472 δέ,
1244 1404 1292 1456 εἰ
1337 1403 1440 1470 μὲν
1484 1399 1675 1471 ἔμελλε
1720 1409 1820 1456 τοῦ

125 1492 304 1558 δήμου
357 1493 419 1544 τὸ
467 1494 633 1561 ἔργον
678 1479 907 1545 ἔσεσθαι
953 1492 1044 1545 καὶ
1091 1492 1248 1561 ὑμεῖς
1302 1489 1436 1561 ἐμοῦ
1490 1493 1818 1561 κεκραγότος

123 1581 216 1643 καὶ
261 1583 392 1643 τοὺς
435 1583 642 1648 νόμους
696 1580 1178 1649 ἀναγινώσκοντος
1228 1582 1320 1634 καὶ
1367 1580 1626 1649 λέγοντος
1681 1580 1820 1634 ἀδι-

122 1677 320 1738 κεῖτε,
361 1666 403 1722 ὦ
431 1660 674 1739 ’ἄνδρες
705 1658 1064 1739 Ἀθηναῖοι,
1104 1673 1218 1724 τὸν
1251 1672 1525 1723 Σόλωνα
1562 1670 1667 1722 καὶ
1707 1670 1820 1722 τὸν

123 1758 469 1828 Δράκοντα
516 1759 623 1812 καὶ
669 1761 822 1822 τοὺς
868 1759 1448 1829 παραδεδομένους
1495 1758 1651 1828 ὑμῖν
1696 1757 1818 1811 ὑπὸ

122 1855 249 1899 τῶν
288 1849 636 1917 προγόνων
681 1832 987 1916 κανόνας,
1039 1847 1108 1901 ἐν
1155 1842 1254 1910 οἷς
1304 1846 1549 1901 ἐκεῖνοι
1587 1846 1818 1917 μένον-

123 1954 224 1997 τες
271 1933 668 2006 ἐστράτευον
713 1933 874 2006 ὑπὲρ
923 1936 1294 2007 ἀνθρώπων
1339 1936 1544 2006 μηδὲν
1591 1935 1817 1998 αὐτοῖς

122 2026 589 2092 προσηκόντων
618 2023 760 2103 μηδ’
800 2015 1167 2094 ἐσχὴκότων
1199 2026 1354 2078 ἄλλο
1386 2026 1546 2093 πρὸς
1578 2025 1819 2087 αὐτοὺς

240 2189 266 2227 5
299 2184 441 2228 Arist.
474 2183 596 2228 Plut.
625 2189 707 2229 101
854 2190 907 2230 11
954 2185 1011 2230 cf.
1045 2187 1077 2229 t.
1106 2185 1147 2229 V
1172 2190 1242 2240 31,
1263 2190 1340 2241 133
1383 2188 1455 2242 75,
1472 2189 1512 2230 8.
1561 2184 1691 2229 Dem.
1726 2198 1816 2228 eor.

121 2258 167 2300 p.
192 2247 293 2299 315,
311 2248 336 2287 5
461 2248 514 2288 17
549 2244 606 2288 cf.
638 2259 683 2301 p.
710 2248 811 2300 283,
830 2249 855 2288 3

243 2398 265 2435 1
291 2393 521 2446 πατρώων
538 2393 639 2437 ΗΡ
755 2398 780 2436 3
806 2389 937 2450 οἶμαι
956 2395 1046 2438 Ma
1070 2394 1149 2438 sed
1176 2389 1254 2449 οἷμ
1270 2393 1319 2437 in
1342 2406 1419 2437 ras
1443 2392 1514 2437 m’
1539 2395 1547 2449 Ι
1574 2394 1652 2437 καὶ
1663 2395 1726 2450 (1)
1743 2407 1817 2437 om

124 2453 212 2496 Ma
333 2456 360 2494 4
385 2450 606 2506 ἑκατέρου
633 2453 691 2508 Vi
809 2457 835 2496 5
859 2456 1058 2497 πολιτῶν
1085 2452 1291 2499 ViMaGl
1349 2451 1696 2510 πολιτευμάτων
1713 2453 1818 2498 coni

121 2509 278 2554 Gasda.
316 2513 334 2567 ,Ι
385 2511 460 2555 διὸ
486 2512 584 2555 ΗΡ
622 2513 629 2567 Ι
673 2510 731 2567 δὴ
756 2512 859 2556 HV
984 2517 1009 2556 6
1044 2513 1092 2556 et
1123 2517 1147 2555 -7
1181 2511 1290 2569 μήτε
1324 2510 1490 2568 scripsi
1522 2525 1629 2555 cum
1661 2511 1817 2556 Gasda

180 2569 241 2626 μὴ
266 2568 317 2614 δὲ
336 2570 648 2615 HPViMaGl
709 2570 769 2627 μὴ
789 2571 832 2615 V
886 2569 1001 2628 μηδὲ
1020 2569 1125 2616 θᾶᾱ’
1235 2576 1258 2614 ’1
1285 2571 1346 2628 μὴ
1365 2571 1450 2615 VP
1473 2573 1479 2628 Ι
1507 2568 1816 2615 διδασκαλίαν

131 2629 188 2674 Vi
210 2632 243 2686 Ἰ
301 2627 346 2672 δ’
385 2630 442 2673 Vi
562 2633 588 2672 8
620 2629 729 2684 ὑμῖν
763 2630 806 2673 V
834 2631 915 2674 sed
947 2631 975 2674 ὑ
1007 2632 1056 2674 et
1086 2647 1132 2675 ιν
1162 2629 1213 2674 in
1243 2643 1320 2674 ras
1352 2629 1422 2674 111²
1543 2634 1568 2674 9
1606 2626 1676 2679 οἷς
1707 2630 1816 2673 επιήο

122 2685 314 2732 ἐναντία
344 2688 446 2732 Μοι·
472 2692 478 2742 Ι
507 2685 720 2735 ἐναντίον
747 2689 804 2734 Vi
830 2690 838 2746 Ι
865 2686 1009 2746 φησίν
1043 2691 1128 2735 VP
1154 2689 1245 2734 edd
1369 2693 1421 2732 11
1455 2688 1537 2733 τὸν
1563 2702 1638 2732 om
1655 2688 1701 2732 P

125 2750 179 2789 13
211 2746 296 2803 τὴν
319 2750 429 2792 ante
452 2746 693 2803 πρόφασιν
713 2748 858 2794 MaOl
979 2753 1034 2792 18
1067 2748 1160 2805 ἀπὸ
1192 2749 1251 2792 Vi
1373 2753 1427 2792 19
1461 2746 1633 2804 νόμους
1663 2762 1711 2792 τε
1735 2747 1815 2791 καὶ

122 2808 231 2861 post
260 2804 505 2864 προγόνων
529 2808 577 2852 Ρ
604 2807 695 2861 edd
757 2807 908 2851 delevi
935 2809 942 2864 Ι
969 2806 1178 2858 κανόνας
1199 2807 1248 2851 in
1279 2806 1354 2851 lac
1381 2812 1406 2851 9
1430 2805 1510 2851 litt
1542 2820 1615 2850 om
1641 2807 1688 2851 P
1712 2806 1815 2850 Mor

241 2869 297 2910 20
330 2865 637 2920 ἐστράτευσαν
665 2865 716 2911 Ol
835 2871 889 2909 21
929 2867 990 2923 μὴ
1022 2865 1073 2912 δὲ
1098 2867 1291 2912 ΡΜαΟΖ
1350 2865 1410 2923 μὴ
1444 2862 1491 2909 δ’
1519 2866 1578 2910 H
1581 2865 1640 2910 Vi
1698 2866 1812 2922 μηδὲ

132 2923 175 2967 V.
204 2924 293 2967 edd
321 2926 328 2979 Ι
355 2924 500 2975 ἄλλως
523 2925 627 2969 HV
654 2924 735 2969 sed
766 2925 816 2968 in
846 2925 935 2969 hoc
971 2943 1032 2977 ως
1063 2931 1165 2970 eras
1205 2928 1252 2969 et
1291 2925 1340 2968 in
1372 2942 1396 2970 ο
1430 2937 1531 2968 corr
1561 2923 1643 2979 m²‚
1669 2925 1816 2969 MaCz

1846 1068 1887 1099 10

1843 1515 1884 1548 15

1844 1959 1956 1992 530⁷
