2010 3168
619 82 1084 128 CORINTHIORUM
1118 81 1340 128 ORATIO
1751 82 1822 135 23

126 219 452 291 Ἑλληνικὴν
489 220 522 288 ἢ
557 221 774 289 φύσεως
813 219 1171 290 ἀνθρωπίνης
1210 218 1527 288 ἀνατροπὴν
1558 219 1650 272 καὶ
1681 219 1822 287 γνώ-

130 331 234 379 μης
280 310 573 379 ἀγριότητα
620 307 711 362 καὶ
757 309 896 379 πρὸς
941 310 1111 370 θεοὺς
1156 307 1491 376 ὑπεροψίαν;
1547 306 1668 375 ἐμοὶ
1722 305 1823 375 μὲν

132 401 235 468 γὰρ
281 406 452 452 ταῦτα
499 399 651 451 δοκεῖ
695 398 787 451 καὶ
833 401 1019 469 πολλῷ
1074 397 1288 450 τούτων
1343 397 1651 466 δεινότερα,
1708 396 1823 450 ἐπεὶ

131 491 390 556 πολεμεῖν
429 506 490 555 γε
530 483 681 540 οὗτοι
723 488 1055 556 βουλόμενοι
1099 489 1360 554 συνήθως
1407 486 1495 538 καὶ
1543 487 1680 538 κατὰ
1726 486 1823 538 τὸν

124 573 404 644 Ἑλλήνων
455 577 666 644 τρόπον
723 575 823 645 οὐχ
886 575 1033 637 ὅπως
1093 574 1163 628 ἂν
1218 575 1589 636 Ποτιδαιάτας
1650 574 1825 637 οὕτως
1871 596 1890 628 5

131 661 395 734 ἔθρεψαν,
435 660 551 718 ἀλλ’
599 664 733 717 οὐδὲ
770 663 920 717 τᾶλλ’
967 663 1036 716 ἂν
1076 661 1218 732 ἦσαν
1257 662 1397 731 ὠμοὶ
1431 664 1522 717 καὶ
1560 666 1747 732 βίαιοι.

241 753 327 806 23.
347 754 708 823 Παράδειγμα
735 751 740 825 Ι
770 750 830 805 δὲ
854 753 1068 806 τούτων
1093 749 1303 816 ἔξεστιν
1325 753 1460 821 ὑμῖν
1485 751 1642 822 ἐναρ-
1688 758 1808 802 RIV
1823 752 1911 802 ‘358

131 840 222 911 γὲς
263 844 606 911 ποιήσασθαι
643 841 734 895 καὶ
775 841 803 895 ὃ
850 841 1053 905 πάντες
1093 848 1220 895 ἴστε.
1277 842 1438 909 ὁρᾶτε
1476 845 1607 904 τοὺς
1650 845 1822 895 Λακε-

131 932 458 1000 δαιμονιόυς
493 931 620 985 οὔτε
654 930 993 1001 ἀρχομένους
1023 930 1266 998 πολέμου
1298 931 1425 983 οὔτε
1465 932 1822 1001 σπεύδοντας,

130 1019 246 1072 ἀλλ’
286 1019 375 1073 ἐπὶ
409 1024 668 1073 πλεῖστον
700 1007 1142 1088 βουλευομένους
1177 1039 1234 1072 τε
1272 1018 1362 1072 καὶ
1403 1018 1821 1089 σκεπτομένους,
1848 1044 1888 1074 10

130 1107 217 1177 ἐφ’
274 1110 410 1163 ὅσον
462 1118 570 1162 νῦν
632 1108 948 1178 ἐμέλλησαν.
1010 1111 1379 1178 κρατήσαντες
1430 1110 1536 1178 γὰρ
1598 1107 1659 1161 ἐν
1722 1114 1820 1181 ἴσῳ

129 1207 245 1261 τοῖς
301 1199 609 1267 φεύγουσιν
656 1197 975 1267 ἀνεχώρουν
1025 1198 1087 1250 τὸ
1140 1195 1243 1264 μὲν
1295 1197 1606 1267 τρέψασθαι
1662 1201 1823 1268 νίκην

131 1288 474 1355 νομίσαντες,
516 1288 577 1340 τὸ
618 1285 663 1340 δ’
714 1286 1118 1340 ἐπακολουθεῖν
1161 1286 1583 1357 ἀπανθρωπίαν.
1621 1295 1823 1341 τοῦτον

131 1373 272 1428 εἰναι
312 1385 428 1439 τοῖς
460 1374 689 1445 ’Ἕλλησι
726 1385 838 1429 τῶν
877 1374 1131 1444 πολέμων
1179 1376 1337 1446 ὅρον,
1376 1383 1577 1429 τοῦτον
1614 1380 1822 1430 κανόνα

131 1466 216 1517 δεῖ
247 1466 342 1528 τὰς
372 1466 510 1534 πρὸς
534 1464 806 1534 ἀλλήλους
838 1465 1112 1533 διαφορὰς
1142 1469 1374 1535 μετρίως
1398 1463 1489 1518 καὶ
1517 1466 1823 1534 δημοτικῶς
1849 1489 1887 1520 15

128 1556 415 1621 τίθεσθαι,
480 1555 816 1623 εἰσβάλλειν,
881 1559 1012 1617 τοὺς
1071 1552 1479 1623 προσμίξαντας
1539 1562 1822 1624 κρατῆσαι,

129 1645 620 1711 κατασημήνασθαι
666 1644 767 1712 τὴν
813 1646 975 1711 νίκην
1021 1646 1282 1715 τροπαίῳ.
1336 1643 1421 1696 24.
1468 1641 1617 1696 ταῦτ’
1670 1640 1823 1696 ἔστιν

129 1731 446 1800 ἀνθρώπων
478 1730 760 1800 Ἑλλήνων
797 1739 897 1785 τοῦ
936 1730 1134 1800 γένους
1166 1731 1609 1800 αἰσθανομένων,
1646 1733 1823 1785 πολλὰ

129 1820 368 1890 ἐχόντων
422 1819 733 1874 ἀντιθεῖναι
788 1827 865 1892 τῷ
918 1819 1163 1892 πολέμω,
1218 1821 1553 1890 πανηγύρεις
1614 1821 1821 1889 κοινάς,

250 1985 275 2025 9
319 1981 506 2025 Thuo.1
536 1986 606 2033 69,
626 1986 651 2024 3
798 1987 852 2026 13
895 1980 1039 2025 Thuc.
1064 1980 1127 2024 IV
1162 1985 1245 2024 127
1278 1984 1326 2025 eb
1359 1986 1443 2026 128
1592 1986 1644 2026 15
1690 1982 1819 2026 Dem.

130 2056 176 2098 p.
203 2045 374 2096 707‚23
500 2045 552 2084 19
586 2040 726 2084 Arisss.
752 2041 856 2096 Lys.
884 2045 997 2085 1129
1016 2055 1082 2097 sq.

250 2194 276 2232 4
301 2206 348 2233 τε
373 2190 418 2233 Β
446 2191 451 2245 Ι
478 2190 559 2233 τὸν
584 2196 676 2233 τῶν
700 2189 815 2233 BVi
873 2197 965 2233 τῶν
993 2189 1044 2234 Ol
1165 2194 1189 2232 6
1215 2185 1340 2232 τᾶλλ’
1361 2189 1410 2232 Η
1439 2192 1445 2245 fl
1474 2188 1634 2243 εἴησαν
1662 2188 1829 2233 GrHV

131 2250 176 2294 Β
300 2253 321 2291 7
358 2249 499 2301 ἔξεστι
531 2247 824 2302 ποιήσασθαι
855 2249 965 2304 ὑμῖν
998 2250 1126 2304 (ἡμῖν
1160 2250 1220 2304 V)
1254 2247 1444 2305 ἐναργὲς
1467 2248 1574 2291 HV
1601 2250 1606 2302 Ι
1642 2249 1751 2303 ὑμῖν
1776 2249 1821 2292 Β

132 2309 222 2352 Μα
253 2308 333 2363 sed
366 2308 414 2350 in
446 2308 533 2351 hoc
565 2325 594 2351 v
626 2308 674 2350 in
714 2322 787 2350 ras
819 2311 889 2350 m³
964 2307 1076 2363 ἡμῖν
1108 2308 1151 2350 V
1178 2307 1243 2350 Re
1388 2312 1415 2351 8
1453 2308 1562 2357 τοὺς
1601 2307 1764 2363 scripsi
1795 2321 1821 2351 e

133 2367 340 2412 CrHVB
355 2368 558 2412 ViMaOl
619 2368 698 2410 καὶ
733 2367 790 2410 Μ
820 2367 910 2410 edd
943 2367 1026 2411 sed
1060 2368 1243 2422 „malim
1275 2368 1354 2411 καὶ
1387 2373 1469 2411 aut
1501 2380 1693 2423 prorsus
1722 2367 1823 2411 tolli

131 2431 215 2470 aut
245 2440 345 2470 cum.
376 2427 485 2477 τοὺς
515 2432 695 2471 auctore
728 2427 1000 2481 Bmvarieo)
1034 2428 1232 2471 ‘'nutari“
1268 2426 1335 2470 Re
1397 2425 1485 2482 γὰρ
1522 2426 1626 2469 coni
1657 2425 1820 2469 Iacobs

129 2485 236 2529 Add
262 2490 331 2536 39
364 2486 452 2543 γὰρ
483 2486 591 2559 2⁷⁰}AE
623 2486 733 2529 Lech
761 2491 843 2529 114
967 2490 1021 2529 10
1054 2486 1363 2543 βουλομένους
1382 2487 1470 2530 Μα
1501 2486 1581 2528 sed
1614 2501 1665 2530 ευ
1697 2485 1823 2528 inser

130 2544 213 2598 m³,
248 2545 301 2590 Ol
423 2550 472 2588 11
507 2545 559 2589 τὸ
591 2544 678 2601 γὰρ
713 2547 820 2588 ante
853 2543 929 2599 ἐφ’
970 2545 1196 2590 CrHVVe
1245 2548 1251 2601 Ι
1302 2544 1472 2600 ἐφόσον
1500 2544 1638 2588 ΒΜα
1687 2546 1693 2600 Ι
1742 2544 1821 2587 καὶ

131 2609 247 2647 νῦνῖ
296 2607 302 2660 1
353 2610 439 2648 νῦν
478 2603 744 2662 ἐμέλλησαν]
785 2602 1016 2660 ἠμέλησαν
1051 2605 1106 2647 Vi
1155 2608 1160 2659 Ι
1211 2603 1435 2660 ἐμέλησαν
1461 2604 1548 2647 Μα
1580 2603 1662 2647 sed
1695 2605 1719 2646 λ
1751 2616 1820 2647 se-

131 2663 334 2706 cundum
365 2663 490 2706 inser
512 2663 594 2717 m³‚
623 2663 675 2706 ΟΖ
701 2665 707 2717 1
734 2665 841 2719 post
871 2662 1119 2719 ἐμέλλησαν
1151 2662 1225 2706 lac
1251 2668 1305 2706 20
1338 2663 1435 2706 fere
1466 2661 1546 2705 lisst
1575 2662 1625 2705 in
1644 2662 1704 2707 Gr

133 2726 188 2765 12
219 2720 488 2776 τρέψασθαι
515 2723 602 2767 Μα
626 2722 742 2766 sed‘
807 2725 955 2766 ασθαι
979 2723 1028 2766 in
1051 2736 1125 2766 ras
1150 2722 1220 2765 m⁸
1343 2726 1396 2764 16
1422 2722 1689 2779 εἰσβάλλειν,
1713 2721 1822 2770 τοὺς

133 2779 295 2836 scripsi
329 2783 514 2824 auctore
547 2781 615 2825 Re
647 2781 728 2837 qui
761 2781 957 2825 adnotat
1021 2786 1148 2838 „post
1171 2780 1423 2838 εἰσβάλλειν
1447 2780 1625 2825 videtur
1649 2780 1714 2830 εἰς
1736 2779 1820 2835 τὴν

132 2846 223 2882 τῶν
245 2837 474 2894 πολεμίων
491 2841 659 2885 deesse“
725 2840 998 2897 εἰσβάλλειν·
1017 2841 1125 2890 τοὺς
1143 2841 1200 2884 Vi
1260 2840 1511 2897 εἰσβάλλειν
1526 2840 1636 2888 τοὺς
1651 2838 1821 2892 reliqui

133 2895 241 2940 libri
274 2898 365 2942 edd
392 2901 399 2954 Ι
425 2897 765 2954 προσμίξαντας
791 2899 910 2943 GrH
964 2897 1274 2955 προμίξοντας
1306 2899 1364 2942 Vi
