2010 3168
156 115 438 161 PARASITI
467 115 547 159 DE
581 115 818 160 DOMINO
851 114 1354 159 PHILOSOPHANTE
1387 113 1671 168 QUERELA
1731 114 1839 168 599

152 272 314 322 τιμον
357 248 459 322 μὲν
495 252 626 320 περὶ,
658 253 724 305 τὰ
763 252 998 320 δημόσια
1038 249 1099 304 ἐν
1136 260 1254 314 ταῖς
1293 252 1676 323 λειτουργίαις,
1717 255 1842 320 φιλ-

153 341 457 410 άνθρωπον
496 337 555 392 δὲ
593 341 732 410 πρὸς
769 338 1232 408 τοὺςὸεομένους
1272 337 1364 393 καὶ
1404 341 1540 393 κατὰ
1585 341 1685 392 τὸν
1715 341 1843 407 βίον

152 430 403 498 ἥδιστον,
450 430 764 498 φιλόγελων
814 448 874 482 τε
926 428 1017 481 καὶ
1072 430 1385 497 φιλοπότην
1434 429 1525 481 καὶ
1570 432 1842 498 πολυτελῆ

152 519 254 587 τὴν
293 519 526 571 δίαιταν.
566 517 756 589 ἐκείνῳ
796 518 1101 586 συνήφθην
1132 522 1271 569 θεοῦ
1302 537 1454 579 τινος
1485 518 1552 570 τὰ
1581 517 1844 570 κάλλιστοί

151 627 245 674 μοι
283 604 685 676 προξενοῦντος
722 604 813 659 καὶ
852 606 1076 659 πάντων
1113 606 1310 674 ἥδιστα
1355 605 1759 675 παρεχομένου,
1798 598 1843 678 ᾧ
1889 626 1909 658 5

151 693 242 748 καὶ
275 697 438 765 φίλος
477 693 743 764 ἐγενόμην
781 694 872 748 καὶ
911 696 1163 764 συνήθης
1199 694 1290 750 καὶ
1329 695 1395 748 οὐ
1433 694 1593 764 μέχρι
1624 695 1844 764 τούτου,

151 783 289 837 ἀλλὰ
329 782 422 837 καὶ
462 783 750 846 συνέστιος
794 784 886 836 καὶ
935 785 1215 852 συμπότης
1260 784 1351 837 καὶ
1393 787 1523 853 ,βίον
1568 781 1710 853 ἔχων
1757 784 1843 837 εὐ-

152 874 390 941 δαίμονα
435 873 528 926 καὶ
573 873 858 942 μακάριον.
925 872 1008 925 13.
1047 871 1139 925 καὶ
1185 873 1383 926 πολλοὶ
1428 874 1496 925 τὰ
1533 869 1659 927 καθ’
1704 873 1844 942 ἡμᾶς

153 961 398 1030 ἐζήλουν.
436 962 641 1031 πατρὸς
679 962 783 1031 γὰρ
823 962 915 1014 καὶ
953 963 1157 1031 μητρὸς
1186 957 1256 1030 ἦν
1289 960 1497 1025 ἐκεῖνος
1532 964 1676 1014 πολὺ
1716 960 1845 1031 φέρ-

149 1069 318 1118 τερος.
358 1049 483 1120 παρ’
533 1050 759 1104 ἐκείνων
797 1047 900 1119 μὲν
930 1051 1035 1119 γὰρ
1069 1051 1237 1104 οὐδὲν
1274 1048 1440 1120 ἔσχον
1470 1052 1674 1120 λαβών,
1714 1050 1742 1104 ὁ
1783 1050 1845 1104 δὲ
1868 1071 1912 1104 10

151 1140 313 1192 κοινὰ
365 1140 431 1192 τὰ
484 1137 611 1208 παρ’
664 1139 837 1192 αὑτοῦ
883 1139 1176 1209 προύτίθει
1221 1141 1358 1208 πρὸς
1402 1139 1627 1208 ἡδονήν.
1678 1136 1845 1192 οὐδὲν

150 1224 300 1296 εἶχον
354 1230 628 1296 λυπηρόν,
683 1224 850 1281 οὐδὲν
903 1224 1069 1296 ἔργον
1123 1227 1405 1282 ἐπίπονον.
1439 1233 1446 1294 Ι
1480 1228 1659 1282 πάντα
1706 1232 1830 1276 RIV
1846 1237 1932 1277 220

151 1315 199 1370 δ’
241 1313 312 1385 ἦν
348 1317 547 1385 ἥδιστά
585 1336 695 1386 μοι,
735 1315 826 1370 καὶ
860 1318 927 1370 τὰ
956 1319 1205 1386 παρόντα
1243 1315 1335 1371 καὶ
1368 1317 1470 1371 ὅσα
1502 1318 1570 1386 δὴ
1600 1318 1845 1386 ἤλπιζον,

148 1405 242 1460 καὶ
296 1407 472 1474 πολλὴ
525 1406 778 1477 ῥᾳστώνη
840 1414 940 1459 τοῦ
994 1408 1134 1475 βίου.
1192 1406 1450 1476 ἐτρύφων
1511 1406 1615 1475 γὰρ
1678 1402 1846 1459 οὐδὲν

151 1495 464 1549 ἀναλίσκων
498 1492 628 1548 οὐδὲ
659 1494 988 1564 προϊέμενος
1019 1494 1136 1548 οὐδ’
1171 1496 1309 1548 ὅθεν
1343 1495 1629 1565 εὐπορήσω
1655 1497 1844 1562 ζητῶν,
1868 1517 1912 1551 15

147 1582 273 1637 ἀλλ’
319 1583 503 1653 ἕτερος
557 1580 628 1651 ἧν
682 1604 776 1650 μοι
821 1585 1087 1653 κηδεστὴς
1139 1586 1230 1637 καὶ
1285 1582 1517 1654 φροντὶς
1564 1582 1728 1654 ἑτέρω
1775 1579 1845 1651 ἦν

149 1680 246 1741 τῆς
283 1671 409 1727 καθ’
445 1671 656 1742 ἡμέραν
693 1680 918 1741 τροφῆς.
984 1673 1066 1726 14.
1108 1672 1417 1726 ἐπλούτουν
1455 1669 1623 1726 οὐδὲν
1660 1691 1847 1741 κεκτη-

152 1760 341 1831 μένος,
398 1760 655 1830 ἐτρύφων
709 1761 878 1816 οὐδὲν
932 1761 1270 1828 ἀναλίσκων,
1320 1764 1538 1830 ἔπινον,
1583 1759 1845 1830 ἐμέθυον,

275 1911 301 1950 9
337 1906 389 1951 Il.
423 1908 452 1950 δ
485 1912 563 1962 56;
606 1910 631 1960 ζ
661 1911 767 1962 158;
810 1925 839 1964 η
874 1911 980 1962 105;
1021 1924 1046 1951 ο
1081 1912 1187 1961 165;
1229 1911 1340 1962 181;
1380 1924 1405 1961 ρ
1440 1911 1546 1961 1683
1588 1925 1615 1965 χ
1647 1910 1703 1950 40

152 1970 205 2010 11
241 1966 298 2010 cf.
331 1967 364 2010 t.
388 1966 410 2009 Ῑ
437 1970 536 2021 154,
555 1971 610 2011 10
734 1971 787 2011 16
819 1967 951 2011 Dem.
982 1981 1027 2023 p.
1054 1971 1152 2019 954,
1174 1971 1198 2010 7

275 2103 297 2141 1
332 2098 417 2154 μὲν
449 2113 526 2143 om
550 2100 626 2144 La
746 2104 771 2143 3
805 2098 1089 2157 φιλογέλωτά
1116 2100 1193 2144 La
1219 2102 1225 2155 Ι
1254 2097 1511 2156 φιλοπότην
1544 2098 1707 2155 scripsi
1741 2112 1846 2142 oum

149 2158 364 2202 Iacobsio
395 2158 502 2202 Add
535 2163 590 2202 62
623 2159 737 2203 Lecta
761 2163 816 2203 99
850 2160 931 2215 qui
962 2159 1107 2204 etiam
1139 2159 1196 2202 de
1229 2156 1444 2215 φίλοινον
1474 2158 1549 2202 vel
1581 2156 1846 2214 φιλόκωμον

151 2217 392 2273 cogitavit,
421 2219 468 2261 et
492 2217 688 2262 Meisero
712 2218 814 2263 Ber.
841 2219 885 2262 d.
907 2219 1043 2276 Bayr.
1060 2218 1211 2262 Akad.
1240 2222 1353 2261 1905
1377 2217 1418 2262 H
1444 2222 1527 2261 159
1591 2215 1846 2272 φιλόποτον

151 2276 376 2321 HLaMa
438 2275 698 2332 φιλόπονον
731 2278 810 2324 VO
845 2278 937 2321 edd
998 2277 1254 2334 φιλήδονον
1288 2276 1433 2321 Cobet
1464 2276 1566 2320 Coll
1597 2281 1684 2320 284
1745 2274 1845 2333 φίλ-

152 2351 284 2380 οινον
320 2334 453 2380 Kock
594 2341 620 2381 5
659 2335 959 2395 παρεχομένω
984 2338 1041 2382 H
1047 2338 1254 2383 VLaMa
1292 2337 1375 2380 sed.
1412 2336 1464 2379 in
1502 2336 1591 2379 hoc
1631 2353 1666 2378 ω
1698 2334 1747 2378 in
1788 2351 1844 2380 ου

150 2408 256 2439 corr
286 2394 357 2438 ω’
477 2400 502 2438 6
536 2396 687 2453 καὶ(1)
718 2410 794 2440 om
827 2397 897 2453 Vl
929 2403 1057 2454 „post
1083 2396 1251 2440 τούτου
1283 2397 1461 2440 videtur
1495 2392 1641 2450 μόνον
1672 2395 1840 2440 deesse“

154 2453 235 2506 Re,
297 2452 362 2510 μὰ
392 2453 474 2498 τὸν
498 2451 580 2497 Δί’
608 2454 739 2499 Kock
861 2459 887 2498 8
919 2456 1037 2499 πολὺ
1065 2455 1176 2500 Fen·
1199 2455 1301 2498 Mor
1325 2455 1405 2510 qui
1428 2454 1589 2498 πολλοὶ
1620 2452 1726 2497 coni

158 2516 211 2556 10
245 2510 406 2557 ἐκείνω
431 2513 507 2558 La
534 2516 540 2569 Ι
568 2513 669 2572 ἔσχε
693 2515 794 2559 HV
929 2520 981 2558 11
1014 2514 1072 2558 τὰ
1105 2529 1180 2559 om
1211 2514 1322 2558 Fert
1352 2513 1454 2557 Mor
1502 2514 1508 2571 Ι
1558 2513 1702 2557 αὐτοῦ
1732 2511 1844 2556 libri

151 2571 246 2615 edd
273 2575 279 2627 Ι
306 2569 556 2625 προύτίθει
585 2573 774 2630 reposui
799 2586 823 2617 e
846 2573 980 2617 libris
1005 2573 1085 2617 sed
1109 2591 1139 2617 v
1162 2574 1288 2616 inser
1310 2574 1433 2626 Lan,
1459 2571 1549 2616 coll
1572 2574 1604 2615 t.
1623 2571 1665 2615 Π
1682 2575 1842 2626 454‚9;

151 2629 218 2674 IV
243 2633 384 2684 88,19
461 2630 694 2688 προύτέθη
728 2632 821 2676 edd
870 2635 875 2690 Ι
925 2632 1041 2688 πρὸς
1071 2631 1248 2689 ἡδονὴν
1289 2631 1454 2688 scripsi
1528 2638 1620 2675 τῶν
1659 2630 1843 2687 ἡδονῶν

154 2689 265 2733 libri
297 2689 379 2732 sed
411 2689 487 2733 del
512 2690 638 2745 Ma',
670 2691 761 2734 edd
850 2689 970 2736 καθ’
998 2691 1175 2748 ἡδονὴν
1196 2691 1326 2735 Kock
1449 2694 1502 2734 13
1536 2689 1587 2734 δὲ
1614 2691 1702 2734 Μα
1729 2692 1736 2746 Ι
1763 2689 1843 2748 δὴ]

149 2746 207 2794 δὲ
225 2749 394 2793 LaMa
418 2748 499 2791 sed.
522 2749 571 2793 in
593 2751 791 2806 utroque
815 2764 917 2794 eras
1040 2755 1094 2794 15
1119 2751 1228 2794 οὐδὲ
1255 2751 1344 2794 Μα
1371 2751 1377 2806 Ι
1405 2748 1645 2804 εὐπορήσω
1662 2750 1738 2793 La
1762 2750 1843 2793 sed

155 2823 183 2850 ν
213 2809 322 2863 post
351 2825 385 2851 ω
416 2820 530 2863 eram,
551 2810 639 2853 Ma
670 2809 752 2853 sed
783 2810 833 2853 εὐ
867 2823 922 2853 ex
953 2810 984 2853 ἀ
1016 2823 1118 2854 corr
1147 2809 1218 2852 m²
1340 2813 1393 2852 16
1426 2808 1651 2864 κηδευτὴς
1674 2809 1734 2855 H

158 2870 211 2909 17
245 2865 365 2910 καθ’
400 2865 473 2910 del
502 2866 613 2911 Man-²
638 2869 645 2924 Ι
672 2866 848 2924 ἡμέραν
881 2869 1045 2925 scripsi
1076 2870 1263 2912 auctore
1289 2867 1467 2911 Kockio
1534 2866 1654 2923 ἡμᾶς
1677 2867 1844 2912 HGLa

153 2924 247 2967 edd
318 2924 449 2981 ἡμῶν
483 2927 610 2971 VMa
654 2929 660 2983 Ι
702 2934 877 2984 τροφῆς
901 2927 991 2972 Μα
1022 2928 1104 2972 sed
1135 2943 1160 2972 ο
1191 2927 1241 2970 in
1271 2943 1301 2970 v
1326 2925 1498 2971 corrm'
1565 2931 1746 2983 τρυφῆς
1768 2925 1844 2971 La
