2010 3168
404 134 829 182 DEMOSTHENIS
861 134 931 179 SE
961 135 1319 181 INCUSANTIS
1348 136 1575 182 'ORATIO
1713 138 1815 192 291

137 293 441 342 quamquam
471 278 606 325 omni
636 293 693 325 ex
724 279 866 339 parte
896 291 1061 324 meum
1083 278 1244 325 facere
1273 276 1407 325 haud
1437 294 1577 340 queo,
1614 305 1676 318 —.-
1707 292 1822 326 nam

138 353 432 402 declamatio
456 353 655 400 omnino
679 352 988 413 propositum
1011 365 1041 398 a
1066 352 1230 413 priore
1255 351 1503 400 diversum
1522 352 1675 401 habet
1698 355 1748 401 et
1770 354 1823 401 in

138 427 348 492 singulis
379 425 828 474 similitudo-etiam
857 425 1020 473 minor
1046 425 1230 473 eminet
1261 441 1411 487 quam
1441 426 1823 475 declamationes

138 498 314 550 similis
345 501 625 563 argumenti
663 499 764 547 fere
795 499 1062 547 ostendunt
1094 525 1162 533 —-
1194 501 1361 548 tamen
1389 516 1468 547 me
1509 517 1705 562 quoque
1735 518 1822 563 pa·

136 579 259 624 riter
295 577 444 636 atque
481 574 534 620 in
573 573 1014 622 declamationibus
1058 573 1132 634 H,
1170 573 1283 635 XV,
1315 573 1434 621 XVI
1473 589 1584 622 cum
1621 578 1824 637 propter

136 650 417 698 universam
459 648 829 710 compositionis
861 648 1073 696 formam
1109 651 1218 695 tum
1254 650 1459 710 propter
1496 648 1694 712 singula
1725 650 1823 698 elo-

135 723 348 772 cutionis
385 722 627 771 idiomata
674 716 762 787 (ut
807 720 1032 783 παραυτὰ
1077 738 1123 784 Ρ.
1160 724 1288 783 309,
1310 716 1409 788 10)
1458 722 1516 770 de
1564 723 1823 772 authentia

134 796 397 846 dubitandi
441 797 760 860 gravissimas
790 796 1009 844 rationes
1038 796 1218 844 habere
1255 796 1503 845 confiteor.

246 870 370 920 Octo
404 870 654 919 codicibus
686 870 750 918 ad
779 871 1003 918 nostram
1034 872 1251 918 aetatem
1274 873 1512 932 pervenit.
1564 870 1660 927 Qui
1684 831 1823 933 sunt:

248 949 294 994 1.
326 944 921 1007 Hierosolymitanus
954 943 1002 992 S.
1036 944 1314 1007 Sepulcri
1347 947 1449 994 107
1478 940 1575 1011 (=
1599 940 1671 1012 H)
1698 961 1821 994 saec.

133 1019 252 1067 XIV
282 1020 366 1068 fol.
393 1020 477 1067 43.
538 1019 665 1067 Vide
696 1020 734 1067 t.
758 1018 804 1065 V
834 1036 881 1081 p.
911 1019 1016 1068 150
1034 1034 1105 1081 sq
1170 1017 1384 1067 Contuli.

246 1097 293 1142 2.
334 1093 650 1142 Vaticanus
691 1109 762 1157 gr.
797 1094 904 1141 940
936 1087 1032 1159 (=
1056 1085 1126 1160 V)
1159 1108 1284 1141 saec.
1316 1088 1580 1158 XJHJXIV
1619 1063 1704 1143 fol.
1738 1095 1821 1142 32.

134 1167 395 1216 Correctus
427 1169 502 1215 est
531 1183 684 1215 manu
715 1167 928 1215 secunda
961 1183 985 1214 e
1010 1167 1176 1215 codice
1209 1182 1319 1215 cum
1342 1167 1404 1215 H
1428 1169 1653 1231 cognato.
1696 1166 1822 1216 Vide

132 1246 168 1290 t.
194 1241 239 1288 V
269 1259 316 1304 p.
345 1243 447 1290 152
467 1256 538 1304 sq.
571 1244 621 1289 et
652 1257 802 1304 supra
831 1258 878 1303 p.
904 1244 953 1289 4.
1016 1240 1229 1290 Contuli.

244 1317 285 1363 E
326 1316 490 1365 codice
526 1315 672 1364 huius
697 1316 865 1364 fratre
898 1316 1109 1380 gemello
1149 1315 1404 1377 deperdito
1447 1315 1696 1364 fluxerunt
1741 1332 1821 1365 co-

129 1390 285 1439 dices,

248 1466 293 1513 3.
333 1464 714 1512 Matritensis
753 1464 829 1511 N-
843 1465 949 1512 130
990 1457 1083 1530 (=
1109 1423 1238 1530 Mat)
1281 1479 1405 1512 saec.
1437 1462 1554 1511 XVI
1593 1465 1677 1513 fol.
1713 1466 1819 1514 59.

24 1568 25 1571 =
130 1536 259 1586 Vide
290 1542 325 1587 t.
350 1539 374 1586 I
403 1555 451 1601 p.
477 1539 583 1586 428
602 1554 673 1635 sq.
706 1541 756 1586 et
786 1553 937 1599 supra
967 1554 1015 1599 p.
1043 1540 1089 1586 2.
1152 1537 1366 1588 Contuli.

23 1639 25 1643 Α
129 1616 182 1662 et
1572 1652 1575 1654 .
1724 1615 1727 1618 ’

119 1705 124 1709 ’
244 1689 292 1735 4.
338 1687 713 1735 Monacensis
760 1703 819 1749 gr
870 1687 937 1734 96
988 1681 1082 1752 (=
1106 1679 1248 1752 Mon)
1296 1701 1421 1735 saec.
1453 1686 1572 1734 XVI
1617 1687 1700 1735 fol.
1735 1688 1819 1735 54.

125 1760 389 1810 Librarius
405 1761 538 1808 haud
553 1776 666 1809 raro
689 1761 949 1809 lectionem
972 1761 1159 1808 iustam
1180 1775 1439 1822 perversae
1457 1761 1819 1823 suprascripsit.

30 1824 33 1850 ³
130 1835 258 1883 Vide
288 1838 323 1885 t.
348 1835 395 1882 V
425 1852 472 1897 p.
501 1837 607 1883 364
624 1850 695 1897 sq.
729 1840 781 1883 et·
809 1850 958 1897 supra
987 1851 1036 1897 p.
1064 1836 1109 1881 2.
1173 1833 1391 1883 Contuli.

245 1911 292 1958 5.
324 1909 655 1957 Vaticanus
696 1907 1141 1957 Ottobonianus
1173 1925 1244 1972 gr.
1271 1909 1339 1956 46
1385 1923 1509 1957 saec.
1534 1902 1820 1973 XVIJXVII

132 1984 218 2032 fol.
253 1985 299 2032 6.
361 1983 488 2031 Vide
527 1999 679 2045 supra
708 1999 755 2046 p.
784 1985 839 2046 2,
876 1982 965 2032 ubi
1001 1982 1053 2030 in
1090 1982 1224 2030 linea
1258 1984 1324 2031 23
1359 1985 1473 2030 ante
1507 1982 1550 2030 R
1584 1984 1689 2031 817
1727 1999 1820 2045 pro

129 2059 240 2105 240
278 2056 541 2121 legendum
572 2060 660 2105 est.

244 2131 431 2194 Similis
464 2132 673 2195 originis
703 2133 841 2180 sunt:

0 2211 1 2261 ξ
245 2207 291 2254 6.
329 2191 773 2254 Laurentianus
819 2203 963 2253 LVII
999 2206 1064 2253 21
1115 2220 1239 2253 saec.
1272 2199 1506 2270 XIVJXV
1551 2205 1636 2252 fol.
1674 2206 1818 2254 104.

38 2295 43 2307 ²
130 2278 257 2327 Vide
286 2283 323 2329 t.
346 2280 394 2327 V
423 2296 470 2342 p.
501 2280 691 2341 158sq.
747 2282 806 2328 et

247 2356 290 2404 7.
322 2352 768 2401 Laurentianus
805 2352 919 2400 LIX
952 2354 1022 2402 30
1068 2368 1205 2402 saec.
1224 2314 1342 2400 XIV
1387 2352 1473 2400 fol.
1508 2353 1630 2402 309.
1692 2352 1819 2400 Vide

42 2416 45 2417 *
130 2427 291 2490 t.1p
318 2429 512 2489 417sq.
546 2427 878 2475 ett.v457.

241 2501 337 2549 Per
368 2517 418 2550 se
450 2504 552 2549 stat
582 2501 733 2549 codex

119 2635 128 2640 „
244 2577 291 2624 8.
309 2574 645 2637 Lipsiensis
660 2572 987 2622 bibliothecae
1004 2560 1347 2623 universitatis
1364 2591 1435 2637 gr
1448 2575 1515 2622 38
1528 2567 1809 2640 (Tischend.
1820 2591 1904 2632 242

120 2641 253 2715 VH)
286 2642 380 2716 (=
404 2644 490 2715 Li)
522 2648 722 2697 saeculo
751 2647 870 2696 XIV
901 2647 1165 2712 diligenter
1197 2650 1425 2697 exaratus
1462 2663 1487 2695 e
1517 2647 1816 2696 monasterio

127 2773 254 2818 hunc
286 2775 418 2818 dedit
448 2774 689 2832 epilogum
717 2773 906 2818 (301591Δ
953 2775 1187 2819 Gaeterwm
1217 2774 1332 2818 mihi
1356 2762 1626 2829 per-masam
1657 2777 1719 2817 est
1756 2773 1817 2817 ie-

51 2868 53 2873 .
128 2834 294 2878 iuream
322 2834 442 2878 hanc
468 2834 955 2878 declamatioraemnon
978 2846 1067 2877 esse
1090 2833 1299 2886 Libanii,
1329 2834 1408 2877 sed
1437 2833 1683 2877 imitatoris
1704 2833 1816 2886 eiu-9,

130 2893 213 2947 qui
240 2895 488 2950 yenuinam
520 2892 795 2938 Antiocheni
823 2892 1049 2947 sophistae
1075 2892 1136 2935 de
1167 2893 1316 2936 eodem
1353 2896 1618 2950 arqume‘nto
1649 2892 1814 2935 oratio·

130 2965 245 3005 nem,
277 2966 391 3007 quae
421 2953 587 3010 legitur
610 2965 659 3007 p.
683 2954 776 2995 240
806 2951 1031 2995 aemulari
1059 2951 1271 2994 studuit’.

1375 3023 1459 3066 19*
