2010 3168
606 108 609 112 ·
670 87 1082 135 GALLAESCHRI
1112 88 1349 135 ORATIO·
1777 90 1848 143 85

270 229 344 276 Ex
375 229 468 277 hoc
500 229 774 290 descriptus
807 230 882 277 est

273 304 354 351 18.
387 302 824 351 Ambrosianus
855 303 896 351 E
926 305 992 351 92
1028 319 1135 365 sup.
1162 296 1319 370 (301)
1353 319 1475 352 saec.
1504 298 1732 369 XIVJXV
1763 305 1848 352 fol.

156 378 265 426 >125
297 377 449 425 titulo
483 379 533 425 et
563 377 707 425 initio
738 378 935 468 privam
967 377 1378 426 declamationem
1417 380 1639 426 continet
1672 377 1787 426 inde
1821 394 1850 426 a

158 450 320 500 verbis
350 468 399 513 p.
426 452 598 512 88,15
633 451 822 515 κριτίαν
854 449 1035 509 αὐτοὺς
1073 467 1228 514 usque
1268 452 1331 499 ad
1362 451 1524 500 finem.
1585 451 1712 499 Vide
1742 454 1778 500 13.
1802 452 1849 499 V

156 542 203 587 p.
232 526 335 573 178
370 527 421 572 et
451 525 573 574 451.

270 601 354 648 19.
401 599 779 661 Mosquensis
824 572 929 648 489
980 614 1103 651 saec.
1136 598 1228 647 XV
1275 600 1360 659 fol.
1395 602 1502 649 40.
1566 599 1693 648 Vide
1734 601 1769 648 t.
1803 599 1849 646 V

155 673 422 735 p.180sq

269 750 353 796 20.
385 720 833 795 Laurentianus
866 747 979 795 LIX
1005 749 1074 796 30
1107 763 1232 796 saec.
1258 747 1376 795 XIV
1407 747 1493 796 fol.
1522 749 1666 797 295.
1720 747 1849 795 Vide

155 824 192 869 t.
216 821 320 883 Ip.
347 823 542 883 417sq.
577 824 691 869 ett.
716 821 839 884 Vp.
866 823 989 870 457.

261 898 344 948 21.
377 894 694 944 Parisinus
731 913 801 959 gr.
837 897 980 944 3014
1013 911 1136 946 saec.
1161 895 1280 943 XIV
1311 896 1395 944 sol.
1425 897 1544 944 139.
1579 895 1708 945 Vide
1738 898 1772 944 t.
1799 896 1850 943 II

155 987 201 1032 p.
230 971 334 1018 375
354 985 423 1031 sq.
488 969 618 1018 Usus
651 971 726 1019 est
757 970 921 1019 codice
953 970 1203 1018 Morellus.

270 1046 354 1091 22.
386 1043 703 1092 Parisinus
736 1061 807 1107 gr.
835 1046 976 1092 3019
1011 1060 1135 1092 saec.
1161 1038 1395 1109 XIVJXV
1426 1044 1510 1092 fol.
1542 1045 1659 1093 167.
1721 1044 1849 1092 Vide

153 1120 188 1165 t.
213 1117 287 1165 IV
317 1135 365 1180 p.
392 1119 496 1167 306
516 1133 587 1179 sq.

266 1193 350 1240 23.
383 1191 872 1240 Vindobonensis
911 1192 1092 1241 Iurid.
1129 1194 1158 1240 8
1202 1207 1324 1240 saec.
1351 1192 1442 1239 XV
1474 1192 1557 1240 fol.
1587 1193 1688 1241 151
1733 1207 1844 1240 con-

153 1267 280 1314 tinet
322 1268 519 1313 tantum
565 1266 772 1313 titulum
817 1266 1114 1327 initiumque
1162 1266 1536 1314 declamationis
1583 1282 1737 1329 usque
1785 1266 1848 1314 ad

154 1340 306 1389 verba
337 1357 383 1402 p.
413 1342 496 1402 90,
518 1341 547 1387 6
581 1346 668 1404 τῆς
699 1339 933 1405 πατρίδος
963 1339 1175 1388 κάλλιον.
1237 1340 1364 1388 Vide
1395 1343 1430 1387 t.
1455 1340 1502 1387 V
1533 1357 1579 1402 p.
1609 1341 1729 1388 186.

265 1414 419 1462 Manu
459 1414 659 1476 quidem
702 1414 913 1476 scriptus
954 1416 1029 1463 est
1068 1414 1152 1462 sed
1191 1414 1372 1463 codicis
1412 1414 1657 1478 dignitate
1698 1417 1847 1476 caret,

155 1490 338 1551 quippe
373 1489 459 1550 qui
482 1489 611 1536 nihil
634 1488 732 1536 nisi
754 1487 950 1536 textum
973 1488 1320 1536 Morellianum
1345 1488 1550 1536 subinde
1576 1489 1850 1537 correctum

153 1562 402 1624 praebeat,
437 1561 586 1611 codex

267 1639 350 1685 24.
385 1636 883 1698 Petropolitanus
929 1636 1259 1684 bibliothecae
1305 1637 1579 1698 imperialis
1612 1653 1683 1700 gr.
1720 1638 1826 1684 174
1851 1647 1936 1687 237

155 1711 443 1759 chartaceus
458 1712 648 1758 formae
666 1712 872 1772 quartae
900 1711 984 1772 qui
1002 1710 1223 1759 continet
1238 1713 1353 1773 post
1369 1711 1594 1760 Danielis
1618 1711 1849 1774 magistri

155 1785 351 1833 scholae
385 1785 672 1833 Patmiacae
704 1785 1059 1833 commentaria
1098 1787 1234 1834 varia
1267 1800 1395 1832 anno
1431 1786 1573 1833 1794
1607 1779 1847 1852 scripta1)

153 1859 267 1907 inde
301 1874 331 1905 a
362 1859 484 1906 folio
520 1860 623 1907 339
657 1874 813 1920 usque
847 1858 910 1907 ad
944 1860 1049 1907 344

263 1932 540 1997 λιβανίου
577 1930 826 1995 Μελέτη.
870 1928 877 1998 Ι
920 1931 1102 1996 νόμος
1140 1930 1240 1980 τὸν
1279 1932 1579 1997 τύραννον
1625 1931 1697 1996 μὴ
1738 1931 1848 1980 θά-

152 2010 406 2054 πτεσθαι
455 2004 554 2055 καὶ
598 2005 699 2055 τὸν
752 2003 1190 2055 ἀποκτείναντα
1237 2005 1462 2071 δωρεὰν
1506 2006 1846 2070 λαμβάνειν.

150 2078 562 2146 Κάλλαισχρος
608 2077 966 2138 ἀποκτείνας
1014 2079 1265 2145 Κριτίαν
1311 2078 1412 2129 τὸν
1460 2079 1596 2130 υἱὸν
1638 2094 1848 2144 τυραν-

155 2160 375 2203 νοῦντα
399 2153 792 2215 αἰτεῖθάψαιε
810 2174 867 2193 ω
889 2147 892 2220 ff
914 2153 1327 2219 Καλλαίσχρου
1352 2153 1537 2219 λόγος.
1559 2147 1565 2221 Ι
1585 2151 1615 2217 ἡ
1642 2153 1846 2212 στάσις

152 2227 554 2294 πραγματικὴ,
603 2244 754 2290 quam
795 2228 851 2276 Ε.
895 2228 954 2276 (16
992 2228 1180 2275 Muralt
1224 2243 1484 2290 perperam
1530 2244 1619 2290 pro
1658 2228 1847 2276 inedita

152 2302 342 2350 habuit.
399 2301 657 2350 Gorrectus
690 2304 766 2350 est
796 2303 960 2350 textus
993 2304 1043 2349 613
1074 2317 1103 2349 a
1133 2302 1337 2351 librario
1369 2302 1478 2364 ipso
1511 2304 1561 2350 et
1591 2318 1742 2349 manu
1774 2318 1846 2350 se-

154 2375 327 2424 cunda.
397 2376 564 2424 Meum
609 2378 663 2423 in
708 2391 852 2423 usum
899 2376 1111 2424 contulit
1158 2391 1288 2424 anno
1340 2378 1476 2425 1901
1529 2374 1738 2424 Ioannes
1785 2375 1845 2424 de

151 2450 359 2512 Heyden
390 2450 659 2498 Zielewicz.

264 2597 338 2644 Ex
391 2598 468 2645 his
518 2612 638 2659 quos
684 2598 737 2643 in
785 2612 983 2646 censum
1028 2597 1276 2646 vocandos
1330 2612 1434 2646 esse
1482 2597 1600 2644 duxi
1655 2597 1846 2646 codices

154 2674 343 2732 septem
373 2672 519 2720 MLa
531 2670 886 2719 ViMaolVaB
916 2686 1086 2719 rursus
1117 2673 1169 2718 in
1202 2671 1324 2719 duas
1362 2671 1620 2719 discedunt
1651 2671 1844 2732 classes,

275 2843 316 2896 1)
350 2839 415 2885 Cf.
449 2840 500 2884 E.
535 2840 593 2884 de
624 2839 812 2894 Muralt,
846 2839 1100 2898 Catalogue
1133 2840 1214 2884 des
1242 2840 1524 2885 Manuscrits
1556 2853 1688 2897 grece
1715 2839 1845 2883 dela

153 2898 475 2954 bibliotheque
506 2899 751 2955 imperiale
781 2899 1007 2955 publique
1038 2915 1082 2956 p.
1110 2903 1180 2942 89.
