1946 3122
767 622 1336 684 PRAEFATIO.

321 775 591 837 Postquam
623 774 875 822 volumine
900 773 1081 836 ‘quinto
1114 773 1497 823 declamationes
1527 775 1891 839 mythologicae

210 853 259 899 et
289 865 404 913 pars
437 866 494 897 ex
525 849 736 896 historia
760 848 930 896 Attica
954 847 1287 896 delibatarum
1319 849 1695 911 comprehensae
1726 849 1892 912 prodi-

207 926 364 986 erunt,
405 924 639 972 volumen
678 925 869 971 sextum
908 922 1125 985 reliquas
1157 922 1417 971 historicas
1450 925 1499 971 et
1530 925 1725 985 partem
1755 923 1886 972 etho-

207 1000 481 1062 logicarum
515 991 805 1063 (δυσκόλου,
836 996 1133 1063 παρασίτου,
1165 991 1446 1063 φθονεροῦ)
1487 997 1695 1047 exhibet.
1759 997 1890 1055 Qua-

203 1090 317 1121 rum
362 1072 627 1120 nonnullae
667 1071 1001 1133 lepidissimae
1044 1073 1182 1132 sunt,
1226 1086 1392 1119 omnes
1434 1073 1746 1133 quaestiones
1778 1088 1891 1136 gra-

203 1148 431 1197 vissimas
450 1146 508 1193 de
534 1146 814 1209 argumenti
838 1146 1154 1208 tractatione,
1170 1145 1547 1207 deelocutione,
1572 1146 1630 1194 de
1656 1146 1890 1210 fontibus,

204 1222 262 1269 de
304 1222 560 1270 authentia
608 1220 860 1282 praebent.
924 1219 1056 1276 Quas
1102 1222 1144 1268 si
1188 1235 1298 1268 cum
1347 1220 1532 1282 campis
1571 1221 1757 1269 nullius
1789 1221 1890 1269 fere

203 1295 324 1359 pede
347 1295 482 1344 tritis
508 1296 843 1357 comparasset
857 1294 918 1342 H.
939 1293 1336 1349 Schenkelius
1361 1288 1573 1360 (ephem.
1590 1295 1710 1356 phil.
1727 1295 1888 1343 Berol.

206 1372 348 1419 1910
373 1387 419 1418 n.
448 1372 514 1418 37
519 1362 723 1436 )‚‘omne
748 1385 859 1417 eum
882 1368 1055 1417 tulisse
1078 1371 1316 1431 punctum
1343 1362 1600 1417 censerem.
1647 1369 1718 1416 At
1742 1385 1888 1430 quam

203 1444 431 1492 adhibuit
459 1443 727 1507 imaginem
754 1442 1102 1492 Gedrosiorum
1134 1459 1418 1505 camporum
1450 1443 1728 1492 assensione
1760 1459 1887 1492 com-

202 1519 411 1581 probare
450 1534 549 1566 non
582 1533 724 1580 queo.
788 1517 1039 1574 Quantum
1071 1517 1131 1565 ab
1163 1517 1251 1565 illo
1284 1517 1505 1566 diversus
1538 1517 1708 1566 Henr.
1741 1517 1886 1566 Her-

202 1594 507 1642 werdenus
539 1594 629 1655 qui
660 1592 739 1641 vel
770 1606 872 1640 esse
899 1608 994 1654 quo
1027 1592 1409 1640 declamationes
1437 1608 1555 1654 prae
1581 1592 1888 1641 orationibus

202 1668 493 1730 splendeant
538 1668 785 1729 professus
833 1667 915 1715 est'
953 1660 1100 1733 (Mus.
1140 1667 1293 1714 Rhen.
1333 1665 1467 1714 LXV
1511 1659 1653 1732 169).
1733 1666 1888 1724 Quem

201 1743 363 1790 virum
403 1743 507 1791 acie
545 1743 725 1790 mentis
766 1743 816 1789 et
853 1741 1019 1804 graeci
1051 1742 1287 1789 sermonis
1326 1740 1508 1803 peritia
1540 1757 1694 1802 aeque
1738 1743 1887 1804 atque

202 1816 411 1864 candore
457 1816 651 1864 animae
696 1815 931 1863 eximium
975 1815 1077 1863 iam
1122 1816 1199 1862 his
1246 1815 1424 1863 studiis
1463 1818 1622 1863 morte
1664 1818 1887 1877 ereptum

202 1906 304 1939 esse
337 1889 480 1938 valde
511 1890 671 1954 lugeo.

313 1963 547 2027 Superest
563 1967 620 2011 ut
636 1963 995 2025 Hieronymo
1013 1963 1370 2011 Markowski
1395 1962 1484 2026 qui
1503 1979 1581 2011 me
1603 1979 1701 2011 non
1725 1963 1886 2011 solum

200 2040 252 2086 in
284 2038 499 2102 plagulis
533 2037 833 2102 corrigendis
865 2036 950 2086 sed
982 2038 1131 2085 etiam
1164 2039 1216 2085 in
1247 2038 1369 2086 locis
1406 2037 1662 2085 afferendis
1694 2036 1887 2086 adiuvit

201 2113 415 2160 sinceras
446 2112 632 2176 gratias
663 2127 823 2177 agam.

313 2185 596 2234 Scribebam
652 2185 981 2235 Vratislaviae
1035 2186 1114 2233 die
1161 2186 1323 2233 XXXI
1368 2186 1550 2233 mensis
1600 2183 1884 2233 Decembris

199 2259 402 2307 MGMX.
