2010 3168
564 108 979 153 ATHENIENSIU
981 109 1029 151 M
1062 109 1358 154 DEFENSIO
1741 111 1812 164 69

120 243 211 298 καὶ
262 253 356 314 τῆς
403 245 597 314 ἀρετῆς
642 254 755 298 τῶν
799 245 967 298 πάλαι
1007 243 1316 313 Ἀθηναίων
1355 245 1814 315 ἀπολελείμμεθα,

121 330 202 387 ὧν
233 333 463 396 οὐδενὸς
494 334 670 396 οὕτως
703 335 851 387 ἴδιον
882 335 954 396 ὡς
986 333 1237 402 εὐσέβεια
1268 336 1358 388 καὶ
1398 339 1812 403 φιλανθρωπία.

121 418 200 475 ὧν
251 423 432 490 δήπου
477 423 567 476 καὶ
616 423 770 492 ἡμεῖς
823 425 1129 492 γεγόναμεν
1179 427 1530 493 κληρονόμοι,
1570 422 1697 493 μεθ’
1736 420 1814 476 ὧν

121 511 183 564 ἐν
212 517 287 584 τῷ
321 512 566 579 διηνεκεῖ
592 514 771 584 χρόνῳ
803 510 894 564 καὶ
925 520 1095 564 πᾶσιν
1127 513 1440 579 ὡμιλοῦμεν
1477 512 1814 582 ἀνθρώποις.

120 599 207 652 30.
246 601 319 669 μὴ
360 603 555 654 τοίνυν
593 600 733 669 ἡμᾶς
772 621 853 663 τις
891 609 988 669 τῆς
1027 599 1255 654 ἐκείνων
1295 601 1546 670 ἀσεβείας
1585 603 1814 669 αἰτίους,

121 687 239 742 ἀλλ’
301 689 503 752 αὐτοὺς
559 689 804 752 ἐκείνους
859 688 1083 758 λεγέτω,
1139 692 1198 742 οἳ
1246 691 1337 743 καὶ
1391 691 1492 758 τὴν
1547 689 1815 759 ἀθέμιτον

122 777 337 840 ἑαυτοῖς
390 778 699 849 παρέθεντο
754 779 1023 848 τράπεζαν
1084 780 1173 831 καὶ
1235 787 1444 849 τροφῆς
1505 777 1588 850 ἐπ’
1649 779 1816 847 αὐτῆς

120 867 332 934 ἥψαντο
371 870 710 937 παρανόμου.
758 868 878 921 ὅσοι
919 868 981 921 δὲ
1018 869 1150 936 ἡμῖν
1194 869 1408 921 τούτων
1455 867 1641 921 ἕνεκεν
1687 867 1815 935 μέμ-

121 976 347 1025 φονται,
393 957 627 1019 τούτους
666 958 845 1025 δήπου
886 954 1068 1026 φαμὲν
1113 957 1251 1026 μηδὲ
1290 959 1420 1020 τοὺς
1464 957 1524 1010 ἐν
1562 967 1679 1020 ταῖς
1717 959 1814 1009 πό-

122 1050 274 1098 λεσιν
313 1046 582 1115 ἄρχοντας
622 1045 838 1099 ἐθέλειν
878 1045 1167 1114 ἀμέμπτως
1207 1049 1352 1115 ἔχειν
1392 1045 1510 1116 ἐᾶν,
1554 1038 1687 1116 [οἷς]
1730 1045 1812 1098 ὅτι

120 1131 265 1197 τινες
304 1138 382 1197 εἰς
430 1136 808 1204 δεσμωτήριον
852 1134 944 1188 ὑπ’
992 1136 1175 1188 αὐτῶν
1226 1134 1627 1204 ἐμβαλλόμενοι
1682 1133 1815 1203 πρὶν

120 1223 153 1292 ἢ
207 1232 324 1286 τοῖς
377 1226 569 1293 νόμοις
630 1225 720 1277 καὶ
782 1225 1149 1293 μετριωτέραν
1210 1230 1339 1287 ἴσως
1402 1226 1600 1278 δοῦναι
1657 1225 1816 1292 δίκην

121 1312 448 1380 φθάνουσιν
487 1313 644 1366 αὐτοὶ
684 1322 1134 1381 παρανομοῦντες
1173 1315 1250 1376 εἰς
1282 1313 1514 1375 ἑαυτοὺς
1551 1314 1640 1366 καὶ
1682 1316 1818 1381 ζωῆς

121 1400 568 1464 ἀπαλλάττοντες.
609 1398 726 1455 ἀλλ’
765 1403 1020 1471 οὐδαμῶς
1053 1422 1114 1471 γε
1153 1410 1316 1455 τοῦτο
1347 1405 1638 1471 κρίνοντος
1670 1402 1815 1470 ὀρθὰ

121 1493 406 1559 λογισμοῦ.
455 1490 522 1542 οὐ
571 1492 674 1561 γὰρ
721 1493 899 1560 μόνον
945 1491 1028 1544 ὅτι
1076 1490 1223 1552 τινὲς
1270 1489 1517 1543 ἑάλωσαν
1565 1487 1683 1543 οὐδ’
1732 1490 1817 1543 ὅτι

119 1579 530 1648 κατεσχέθησαν
570 1579 631 1632 ἐν
670 1581 891 1649 δεσμοῖς
930 1587 1158 1632 σκοπεῖν
1198 1580 1306 1647 δεῖ,
1354 1578 1469 1631 ἀλλ’
1518 1582 1569 1632 εί
1616 1580 1687 1648 μὴ
1727 1580 1817 1632 καὶ

122 1670 228 1720 σὺν
268 1669 392 1739 δίκῃ
432 1677 604 1722 ταῦτα
641 1671 1008 1722 πεπόνθασιν.
1056 1671 1106 1721 εί
1141 1667 1190 1720 δ’
1230 1668 1439 1735 ἀσεβῶς
1470 1665 1568 1736 ὑφ’
1609 1667 1819 1721 ἑαυτῶν

122 1757 543 1826 ἀπηλλάγησαν,
606 1755 774 1811 οὐδὲν
847 1765 1011 1810 τοῦτο
1083 1758 1450 1826 συμβάλλεται
1522 1757 1658 1810 ὥστε
1720 1757 1818 1809 τὸν

121 1849 461 1915 κατασχόντα
530 1844 680 1915 ἔχειν
742 1848 946 1900 αἰτίαν·
1009 1847 1217 1899 οὔκουν
1279 1844 1397 1898 οὐδ’
1466 1845 1599 1914 ἡμῖν
1661 1845 1816 1915 φέρει

121 1940 479 2004 κατηγορίαν,
527 1937 575 1988 εἰ
613 1939 743 1998 τοὺς
790 1935 1027 2005 ἐχθροὺς
1074 1938 1319 2003 νομίμως
1366 1937 1816 2003 πολιορκούντων

121 2025 276 2092 ἡμῶν
316 2023 531 2091 ἀσεβεῖς
570 2023 770 2077 ἐκεῖνοι
809 2026 1109 2093 γεγόνασιν
1149 2025 1226 2085 εἰς
1266 2022 1539 2090 ἀλλήλους
1576 2042 1813 2091 παρανο-

122 2116 405 2182 μήσαντες.

234 2202 319 2254 31.
362 2203 430 2254 Εἰ
472 2200 536 2254 δέ
570 2221 654 2263 τις
694 2203 1022 2269 φιλονείκως
1061 2203 1201 2268 ἔχων
1240 2199 1342 2253 οὐκ
1382 2200 1676 2269 ἀφίσταται
1716 2201 1816 2268 τὴν

122 2293 451 2360 πολιορκίαν
490 2290 667 2358 λέγων
707 2292 784 2351 είς
823 2297 993 2342 ταῦτα
1024 2290 1493 2358 παραβιάσασθαι,
1534 2287 1692 2342 αὐτοὶ
1725 2287 1813 2340 καὶ

122 2380 321 2447 ταύτης
368 2381 553 2447 ἔχουσι
604 2379 706 2447 τὴν
752 2378 947 2430 αἰτίαν.
996 2378 1157 2445 ὁρᾶτε
1204 2378 1331 2446 γάρ·
1371 2376 1622 2447 ἡμέτεροι
1661 2374 1816 2445 ἦσαν,

123 2469 301 2520 πάντα
339 2473 545 2520 παθεῖν
582 2466 789 2533 ἕτοιμοι
822 2465 854 2534 ἢ
887 2466 1042 2534 ἡμῶν
1073 2466 1394 2533 ἀποστῆναι.
1434 2469 1634 2535 φίλους
1665 2467 1817 2534 ἡμεῖς

124 2556 327 2618 αὐτοὺς
365 2558 571 2624 ἤγομεν
603 2556 695 2608 διὰ
726 2562 910 2608 ταῦτα.
948 2552 1092 2627 ἔργῳ
1124 2563 1217 2623 τῆς
1249 2555 1404 2624 ἡμῶν
1436 2555 1624 2624 φιλίας
1658 2554 1816 2622 ἐλάμ-

246 2752 270 2788 2
298 2747 491 2797 οὐδενὸς
508 2773 562 2779 -
583 2751 607 2789 3
627 2742 691 2790 ὧν
702 2748 762 2802 (2)
780 2746 957 2790 inserui
974 2746 1051 2789 eL
1064 2747 1106 2789 V
1162 2759 1237 2788 om
1257 2744 1393 2788 Schm
1514 2750 1541 2787 4
1559 2745 1814 2799 ὡμιλοῦμεν

126 2805 291 2862 scripsi
353 2805 708 2862 ὁμιλοῦμενλν
737 2804 875 2848 Schm
996 2810 1021 2847 9
1054 2804 1114 2860 μὴ
1144 2805 1195 2848 δὲ
1219 2805 1262 2847 V
1379 2807 1432 2846 10
1467 2800 1535 2854 οἷς
1552 2804 1650 2847 LV
1676 2802 1814 2845 Schm

185 2863 439 2908 cancellavi
562 2869 616 2908 18
642 2863 782 2908 οὐδὲν
806 2863 947 2920 scripi
972 2878 995 2906 e
1013 2865 1111 2907 LV
1166 2863 1274 2906 οὐδὲ
1301 2862 1439 2905 Schm
1563 2866 1616 2904 19
1642 2861 1814 2905 οὔκουν

126 2923 290 2979 scripsi
322 2937 348 2967 e
373 2924 471 2967 LV
525 2924 697 2968 οὐκοῦν
731 2922 869 2966 Schm
991 2927 1044 2965 27
1079 2925 1307 2967 διαταῦτα
1341 2922 1385 2966 V

1841 1068 1882 1100 10

1841 1512 1883 1545 15

1841 1955 1884 1988 20

1841 2398 1882 2431 25
