2010 3168
582 137 1008 182 DEMOSTHENJS
1039 136 1342 181 APOLOGIA
1475 175 1481 201 r
1699 135 1807 188 373

234 278 621 328 Necessitudinis
667 277 919 326 vinculum
966 293 1064 339 quo
1112 277 1297 341 singuli
1347 276 1535 325 codices
1581 278 1712 324 inter
1758 292 1808 324 se

124 354 373 402 coniuncti
404 355 521 401 sunt
550 353 642 401 hoe
673 353 767 401 tibi
796 352 968 401 reddet
999 354 1227 400 stemma:

912 958 937 987 Θ

764 1121 943 1165 VaB
1024 1121 1090 1166 Pa

233 1212 530 1260 Macarius
572 1209 1092 1272 Chrysocephalus
1131 1211 1370 1272 quattuor
1407 1211 1539 1260 locos
1578 1213 1630 1258 in
1661 1211 1811 1259 Rose-

123 1290 227 1334 tum
259 1287 445 1347 recepit
457 1278 497 1352 ¹)
530 1299 646 1333 usus
678 1285 762 1331 ille
794 1284 959 1332 codice
991 1283 1144 1332 simili
1176 1286 1327 1346 atque
1358 1287 1466 1333 Ma.
1479 1279 1521 1351 2)

234 1360 543 1408 Declamatio
582 1359 634 1405 in
673 1359 833 1406 lucem
872 1360 1126 1420 protracta
1165 1361 1241 1407 est
1279 1374 1407 1407 anno
1454 1361 1591 1408 1606
1635 1377 1662 1407 a
1695 1360 1809 1407 Fed.

123 1434 376 1483 Morello
421 1434 530 1482 Lib.
569 1449 682 1495 opp.
720 1435 755 1480 t.
788 1433 815 1480 Ι
852 1449 898 1494 p.
934 1434 1224 1494 435—467
1267 1426 1368 1498 (=
1395 1427 1533 1500 Mor)
1574 1451 1599 1482 e
1646 1434 1810 1482 codice

123 1509 348 1557 Parisino
383 1510 524 1557 2998
559 1509 646 1570 qui
683 1508 790 1555 tum
821 1507 920 1554 fuit
962 1506 1205 1555 Ioannis
1236 1507 1524 1569 Veillart,
1562 1510 1621 1556 ut
1652 1508 1812 1556 elucet

124 1600 148 1631 e
182 1582 345 1632 verbis
376 1581 725 1645 praefationis:
761 1581 864 1631 Cur
895 1574 1190 1648 (Liba-nium
1221 1582 1381 1639 tuum)
1413 1585 1599 1643 regiam
1637 1584 1811 1631 vocas?

122 1672 281 1706 nonne
312 1660 497 1706 constat
516 1658 688 1716 plures
715 1659 920 1704 vetustos
948 1655 1094 1704 Oodd.
1120 1671 1268 1704 mnsc.
1294 1671 1349 1704 ex
1374 1657 1672 1706 Bibliotheca
1695 1657 1810 1715 Req.

123 1733 259 1780 nobe‘s
289 1733 616 1791 suppeditatas
645 1732 799 1792 faisse
829 1731 958 1778 wnde
989 1733 1054 1778 tot
1089 1745 1216 1779 nova
1245 1733 1740 1790 praeexercitamenta
1771 1735 1813 1779 et

125 1807 510 1854 Declamationes
543 1806 737 1865 aliaque
766 1807 962 1865 scripta,
992 1805 1219 1853 haetenus
1259 1802 1518 1862 ἀνέκδοτα,
1562 1806 1813 1866 desumpta

124 1883 236 1928 sunt
260 1882 461 1940 exeeptis
491 1879 776 1928 Aetionibas
796 1879 1087 1938 quibusdam
1105 1879 1438 1928 Demosthenis
1459 1882 1651 1928 nomine
1672 1895 1813 1940 prae-

126 1957 276 2010 textiS,
308 1970 519 2015 quarum
550 1954 764 2014 exempla
795 1968 851 2002 ex
871 1956 1147 2013 pervetusto
1182 1952 1295 2002 G'od,
1327 1969 1474 2002 mnse.
1508 1969 1646 2014 quem
1675 1954 1813 2002 nobis

125 2030 386 2077 liberaliter
424 2029 651 2076 concessit
691 2027 742 2076 0.
785 2028 837 2076 V.
869 2029 943 2075 Io.
986 2027 1188 2076 Veillart
1217 2028 1332 2089 Rey.
1369 2027 1508 2076 Cons.
1550 2032 1591 2076 et
1628 2028 1812 2089 120901·-

126 2104 253 2150 tleota
294 2118 379 2150 sea
422 2101 669 2150 Cot-rector
711 2101 1005 2150 ordinarius
1042 2103 1095 2149 in
1141 2102 1408 2150 Rationum
1445 2103 1563 2163 Rey.
1607 2101 1814 2151 (lamera

127 2177 322 2225 collatis
355 2192 463 2225 eum
497 2176 660 2224 verbis
691 2176 910 2224 eiusdem
943 2191 1069 2238 quae
1105 2191 1257 2238 supra
1280 2193 1325 2238 p.
1355 2178 1461 2224 370
1479 2192 1537 2238 sq
1577 2177 1738 2224 attuli.

239 2250 388 2299 Cuius
434 2252 624 2299 textum
671 2249 840 2298 multis
886 2250 1007 2298 loeis
1055 2266 1166 2298 eum
1217 2266 1308 2312 ope
1356 2250 1536 2299 codicis
1583 2250 1814 2299 Bavarici

125 2324 177 2372 id
202 2327 276 2373 est
307 2325 612 2372 Monacensis
639 2325 705 2372 96
739 2325 846 2372 tum
886 2341 943 2371 ex
983 2324 1181 2388 ingenio
1215 2324 1496 2373 emendavit
1533 2324 1813 2372 Reiskius

129 2393 223 2464 (=
247 2393 358 2462 Re),
391 2399 475 2447 sed
508 2413 629 2446 uxor
659 2399 849 2446 textum
880 2398 1229 2446 Morellianum
1260 2399 1339 2446 vel
1371 2415 1481 2446 cum
1506 2399 1642 2447 vitiis
1672 2401 1814 2460 typo-

127 2472 375 2536 graphicis
400 2474 612 2520 retinere
638 2487 785 2534 quam
812 2473 970 2521 certas
995 2472 1164 2520 mariti
1189 2472 1556 2520 emendationes
1580 2488 1813 2534 reponere

129 2547 307 2594 maluit
337 2549 371 2594 t.
396 2546 469 2594 IV
499 2563 545 2608 p.
578 2547 883 2594 280—323.

239 2620 406 2669 Pauca
437 2620 500 2668 ad
523 2621 712 2668 textum
738 2619 1082 2683 corrigendum
1107 2621 1425 2669 contulerunt
1455 2612 1812 2682 Weiskius3)

130 2697 178 2742 et
210 2688 557 2760 Sintenis4)‚
587 2693 733 2755 plura
763 2694 849 2742 Fr.
882 2693 1194 2743 Iaoobsius
1236 2694 1287 2742 in
1330 2687 1813 2755 ‘Lectionibus'⁵)

130 2771 180 2816 ei:
215 2766 484 2817 Cobetus.

251 2880 293 2935 1)
326 2878 393 2923 Cf.
426 2880 458 2922 t.
483 2879 503 2922 Ι
534 2894 578 2935 p.
605 2882 687 2921 351
709 2893 778 2934 sq.
960 2880 1003 2934 2)
1037 2878 1103 2924 Cf.
1136 2894 1181 2935 p.
1207 2883 1308 2933 410,
1327 2883 1352 2922 5
1371 2893 1437 2934 sq.

250 2940 293 2993 3)
326 2936 392 2981 Cf.
425 2952 565 2994 supra
594 2953 638 2994 p.
667 2942 764 2981 191.
946 2940 989 2992 4)
1022 2937 1089 2982 Cf.
1123 2940 1154 2981 t.
1179 2939 1199 2981 I
1229 2953 1272 2994 p.
1302 2942 1370 2981 78.

252 2999 295 3052 5)
328 2995 394 3041 cf.
426 2998 458 3040 t.
483 2997 504 3039 I
534 3012 581 3054 p.
607 3001 660 3040 77
694 2997 742 3041 et
773 3011 912 3053 supra
942 3011 986 3053 p.
1013 3000 1112 3040 317.
