2010 3168
160 652 179 684 5

206 107 315 193 560
641 134 867 184 LIBANII
895 135 1286 185 macl-,Ammo
1317 135 1486 185 xxvn

320 276 403 328 19.
441 269 596 344 Εἶτα,
635 273 676 329 ὦ
715 277 1043 345 μιαρώτατε,
1088 277 1156 329 τὰ
1201 276 1302 345 μὲν
1340 277 1527 345 βοίδια
1573 274 1663 329 καὶ
1705 277 1759 330 οἱ
1796 277 1891 330 κύ-

204 384 296 427 νες
336 368 462 430 ζῶσι
501 366 597 418 τὸν
639 364 767 434 ἐμὸν
799 367 927 433 βιόν
957 365 1046 418 καὶ
1080 365 1378 434 στέργουσί
1403 386 1510 433 μου
1542 366 1639 419 τὸν
1670 368 1892 435 τρόπον,

206 456 274 506 σὺ
323 455 383 507 δὲ
424 455 451 507 ὁ
493 455 721 524 φάσκων
769 453 822 518 ἐξ
873 452 1006 523 ἐμοῦ
1054 454 1340 522 γεγονέναι
1386 453 1477 507 καὶ
1527 459 1893 523 κληρονομεῖν

204 553 314 595 τῶν
355 542 499 609 ἐμῶν
537 541 730 611 ἀξιῶν,
770 542 799 596 ὁ
839 541 1066 613 τραφεὶς
1116 540 1177 595 ἐν
1215 543 1488 605 τοιούτοις
1533 546 1754 613 χωρίοις
1802 543 1893 596 καὶ

205 632 337 701 μετὰ
376 632 526 696 ζώων
567 632 701 685 οἴων
741 633 863 699 ἄρτι
903 630 1160 695 κατέλεξα
1198 634 1366 701 μόνος
1404 641 1515 685 τῶν
1554 631 1769 685 ἐκεῖθεν
1806 651 1893 700 γε-

205 724 299 791 λᾷς
337 721 426 773 καὶ
466 729 637 774 ταῦτα
675 719 811 790 ἐμοῦ
854 722 989 773 κατὰ
1038 729 1137 790 γῆς
1184 720 1527 791 ἐρριμμένου.
1590 720 1674 772 20.
1715 723 1892 774 καίτοι

206 812 254 863 εἰ
293 810 381 862 καὶ
423 808 726 879 ἐδάκρυσας
766 809 798 878 ἢ
840 811 891 862 εἰ
934 810 995 862 τὸ
1043 812 1340 879 πρόσωπον
1384 812 1679 878 μετήγαγες
1726 811 1892 879 δεῦρο

116 903 235 947 RIV
253 907 336 947 619
387 897 393 969 Ι
447 898 480 967 ἢ
535 897 706 952 ἐκεῖσε
760 898 793 966 ἢ
854 902 1168 969 προσῆλθες
1222 898 1254 966 ἢ
1310 898 1542 967 ἀπέστης
1595 898 1627 967 ἢ
1690 897 1893 962 ἐνεῖδες

138 1098 181 1130 10

140 1543 178 1575 15

137 1990 179 2022 20

203 998 314 1040 τῶν
367 989 744 1058 περιεστώτων
790 986 901 1041 τινὶ
951 987 984 1056 ἢ
1024 990 1115 1040 σοί
1165 1007 1310 1050 τινες
1364 986 1614 1053 ἐκείνων,
1669 988 1770 1041 οὐκ
1824 986 1894 1040 ἂν

204 1078 407 1145 ἤνεγκα
468 1076 696 1148 ῥᾳδίως,
759 1075 881 1130 ἀλλ’
947 1077 1147 1146 ὁμοίως
1207 1076 1276 1130 ἂν
1337 1077 1699 1146 ἠγανάκτησα.
1763 1074 1894 1130 οὐδὲ

203 1166 307 1235 γὰρ
369 1171 647 1219 κινεῖσθαι
702 1174 841 1236 χρῆν
895 1166 1059 1234 ὅλως,
1115 1165 1231 1219 ἀλλ’
1286 1167 1467 1236 ὥσπερ
1523 1167 1688 1218 λίθον
1742 1164 1893 1219 ἑστά-

203 1275 295 1307 ναι
350 1253 382 1322 ἢ
437 1255 574 1323 μηδὲ
630 1255 771 1318 ὅλως
827 1256 965 1308 ἰδεῖν
1010 1257 1328 1308 πεπτωκότα
1374 1256 1407 1324 ἢ
1463 1255 1652 1308 ἰδόντα
1705 1264 1895 1307 πεσεῖν

202 1342 293 1396 καὶ
334 1343 522 1412 αὐτόν,
560 1344 661 1412 τὴν
701 1345 805 1414 γὰρ
847 1345 1020 1412 αὐτὴν
1060 1345 1348 1412 δήπουθεν
1394 1343 1528 1397 ὁδὸν
1577 1343 1894 1412 ἐβαδίζομεν

202 1433 293 1485 καὶ
339 1432 441 1486 οὐκ
487 1431 605 1500 ἐμοὶ
653 1429 755 1501 μὲν
801 1429 871 1501 ἦν
918 1433 1218 1503 ὀλισθηρά,
1267 1432 1355 1486 σοὶ
1403 1430 1463 1486 δὲ
1508 1432 1730 1501 βέβαιος
1781 1432 1893 1485 ἐπι-

203 1523 435 1591 βαίνειν,
477 1519 608 1574 οὐδὲ
641 1524 710 1574 σὺ
742 1518 843 1591 μὲν
875 1524 1091 1590 ἔνηφες,
1137 1521 1242 1591 ἐγὼ
1276 1522 1337 1575 δὲ
1370 1522 1726 1591 ἐκραιπάλων,
1765 1519 1894 1573 ἀλλ’

204 1611 295 1663 ἵνα
329 1609 636 1679 ἕστιαθείης
661 1614 836 1679 γελῶν
867 1611 956 1664 καὶ
991 1611 1296 1681 εὐφράναις
1330 1612 1553 1679 σαυτόν,
1578 1611 1812 1679 βεβαίως
1836 1629 1892 1663 τε

203 1696 362 1767 ἔστης
402 1699 487 1752 ἐπὶ
527 1699 799 1752 τοσούτου
837 1703 1015 1767 πηλοῦ
1064 1698 1154 1752 καὶ
1203 1699 1377 1762 οὕτως
1423 1700 1755 1768 ὀλισθηροῦ,
1801 1698 1891 1752 καὶ

204 1789 305 1841 οὐκ
345 1786 399 1850 ἐς
437 1790 689 1857 κόρακας,
730 1787 845 1841 ἀλλ’
895 1787 1014 1858 ἐμοὶ
1047 1798 1330 1858 προσεῖχες
1361 1789 1460 1842 τὸν
1491 1796 1645 1842 νοῦν.
1685 1788 1771 1841 21.
1803 1786 1892 1842 καὶ

205 1879 255 1930 εἰ
306 1876 406 1946 μέν
459 1898 512 1930 τι
565 1878 804 1947 χρηστὸν
857 1879 1076 1930 πώποτε
1131 1874 1333 1946 ἔπραξα
1387 1877 1420 1946 ἢ
1474 1879 1575 1946 τὴν
1630 1878 1892 1947 αἱμασιὰν

204 1966 568 2034 οἰκοδομήσας
606 1965 639 2034 ἢ
678 1968 773 2029 τὰς
813 1965 1062 2029 ἀκάνθας
1110 1965 1348 2035 ἐκτεμὼν
1387 1965 1419 2034 ἢ
1460 1967 1631 2019 λύκον
1682 1965 1891 2034 διώξας,

204 2055 306 2107 οὐκ
338 2053 574 2123 ἐπῆλθες
607 2055 901 2124 ὀψόμενος·
935 2053 1049 2108 ἐπεὶ
1083 2052 1143 2108 δὲ
1177 2055 1396 2123 ἐκείμην
1426 2057 1591 2124 χαμαὶ
1615 2058 1890 2125 βορβόρου

203 2163 260 2196 τε
299 2143 579 2206 ἀνάπλεως
617 2140 687 2212 ἦν
725 2145 813 2197 καὶ
861 2154 1038 2207 κακῶς
1087 2140 1237 2213 εἶχον
1283 2144 1389 2197 ὑπὸ
1438 2152 1537 2197 τοῦ
1589 2145 1890 2213 πτώματος,

203 2233 406 2301 θεατὴς
427 2228 576 2300 ἦσθα
608 2230 697 2285 καὶ
730 2233 941 2301 ἡδονὴν
973 2232 1164 2285 ἐποιοῦ
1200 2234 1295 2295 τὰς
1327 2231 1456 2299 ἐμὰς
1490 2234 1776 2302 συμφορὰς
1801 2233 1893 2285 καί

203 2338 311 2373 που
351 2319 441 2374 καὶ
481 2317 679 2389 ἔλεγες·
722 2324 778 2374 εί
823 2323 940 2392 γὰρ
993 2323 1379 2391 διαρραγείη
1418 2321 1636 2389 μέσος,
1676 2323 1730 2374 εἰ
1770 2323 1888 2390 γὰρ

325 2442 378 2480 16
411 2437 469 2481 cf,
501 2436 618 2482 Plat.
652 2437 755 2494 Lys.
787 2453 832 2493 p.
858 2442 941 2482 211
963 2437 1002 2481 D

325 2546 350 2584 3
375 2540 406 2601 ,ὁ
441 2555 515 2586 om
540 2543 585 2586 B
706 2547 733 2584 4
763 2548 860 2591 τοῖς
891 2542 999 2584 ante
1029 2541 1257 2592 τοιούτοις
1284 2543 1345 2585 M
1462 2545 1484 2583 7
1519 2541 1598 2584 καὶ
1630 2554 1703 2584 om
1731 2540 1783 2584 Ol
1816 2542 1821 2596 Ι
1851 2539 1891 2584 εἰ

206 2615 281 2644 om
300 2602 361 2644 M
381 2603 428 2644 et
451 2618 504 2658 γρ
530 2601 578 2643 in
602 2613 735 2657 marg
753 2600 853 2643 Mor
975 2604 1030 2644 10
1055 2599 1175 2655 ὅμως
1202 2601 1390 2645 VaClM
1409 2600 1510 2643 Mor
1537 2603 1542 2655 Ι
1572 2599 1678 2642 οὐδὲ
1703 2600 1889 2655 reposui

206 2673 230 2702 e
263 2659 395 2702 libris
472 2660 527 2703 οὐ
567 2659 656 2702 edd
803 2664 855 2702 12
899 2659 959 2715 μὴ
999 2659 1050 2704 δὲ
1074 2660 1308 2704 HBVaOl
1452 2663 1506 2702 16
1548 2657 1810 2711 ἑστιαθείης
1842 2660 1889 2702 et

207 2718 466 2794 εῦφροὲναις
503 2718 667 2774 scripsi
709 2777 718 2786 ·
744 2717 962 2786 ἑστιαθῇς
994 2719 1041 2761 et
1080 2717 1316 2790 843qung
1349 2719 1615 2774 (εὐφρανεῖς
1643 2717 1888 2792 M‘Sed'in

207 2777 972 2892 {gffioavngocffirngffBffiffsggdw
1004 2777 1632 2892 λύιῖίοῖιυῖἓὶςῑὲεἳὲΜλύκιδῗ
1651 2790 1892 2878 ἓιῖιέῗξᾶἷῦ

207 2895 288 2938 sed
319 2896 367 2938 in
397 2896 486 2939 hoc
518 2913 534 2938 ι
567 2909 667 2939 eras
788 2900 842 2938 22
876 2895 969 2938 ἀπὸ
1003 2896 1071 2939 Va
1197 2899 1252 2938 23
1284 2895 1462 2951 θεατὴν
1489 2894 1541 2938 ΟΖ
1667 2898 1723 2937 24
1756 2895 1887 2949 διαρ-

208 2952 367 3011 ραγείη
401 2955 564 3010 scripsi
625 2954 845 3011 διερράγη
879 2953 987 2997 libri
1020 2954 1109 2997 edd
